4528 5818
1054 375 1375 438 -6—

306 573 523 658 superioribus
539 573 693 646 versibus,
717 574 858 636 maxime
881 593 966 636 exv.
986 575 1035 636 12.
1053 579 1086 637 st
1102 575 1164 650 13,
1187 574 1342 655 lychnum
1359 572 1539 637 adiutorem
1560 593 1688 655 quoque
1709 575 1882 639 mulierum
1897 595 1966 640 esse
1981 582 2123 680 apparet

306 665 435 728 Rectius
459 661 595 726 offendit
616 663 875 727 Baohmsnnus
866 683 901 726 ιι
925 683 1017 726 versu
1044 665 1104 739 18.,
1135 663 1213 743 quia
1234 669 1303 735 ιαις
1325 661 1419 742 ἐμαῖς
1441 661 1553 744 φίλαις
1581 663 1655 727 ferri
1683 685 1747 728 non
1776 666 1878 745 possit
1905 666 2026 745 (nam'
2017 686 2125 746 ipsam

305 773 454 857 qnoque
463 752 676 857 Praxagoram
704 753 755 816 vel
782 752 924 816 maxime
954 753 1145 835 participem
1173 753 1271 816 fuisse
1300 753 1387 815 illius
1414 752 1553 831 consilii)
1578 759 1610 816 et
1636 759 1799 836 praeterea
1827 761 1921 836 poeta
1943 755 2049 819 dicere
2073 754 2123 818 de·

305 843 412 907 buerit
434 833 504 906 aaa*
528 833 842 926 desplendescat
864 835 965 905 atate
987 839 1104 906 ἐνθαδί
1131 843 1182 906 vel
1205 843 1310 906 simile
1333 841 1421 922 quid.
1468 841 1570 904 Addit
1596 842 1645 906 vir
1667 841 1887 908 doctissimus:
1925 845 2003 910 »hae
2025 845 2123 908 offen·

306 934 411 996 aiones
434 951 545 996 omnes
568 931 662 996 facile
684 931 730 996 ita
753 939 889 1015 possunt
907 933 1073 1008 removeri,
1097 937 1135 996 ut
1149 935 1329 996 statuamus
1345 953 1373 994 ν.
1393 931 1444 994 18.
1461 950 1530 994 esse
1550 931 1795 1013 interpolatoris,
1819 934 1877 1016 qui
1895 933 2127 999 desideraverit
2229 999 2230 1004 ,

306 1022 535 1086 accuratiorem
563 1021 832 1125 significationem
863 1025 896 1084 ιι
925 1021 1131 1086 consiliorum
1159 1021 1289 1086 illorum
1320 1015 1431 1106 (rir'
1391 1039 1450 1084 νυν
1472 1015 1689 1104 βουλεύματα)
1720 1027 1752 1085 ιι
1779 1015 1993 1086 mulierum“
1974 1044 2011 1096 ας
2032 1015 2126 1110 ἥκειν

306 1107 431 1197 expirant
470 1112 541 1187 Quo
563 1111 646 1174 nihil
668 1111 775 1176 verius
798 1118 855 1188 est,
832 1111 1006 1175 tetiamsi
1029 1131 1138 1176 versus
1164 1113 1226 1188 19,
1251 1111 1438 1193 praesertim
1462 1131 1536 1174 cum
1559 1130 1625 1174 non
1647 1113 1691 1176 sit
1713 1131 1794 1214 opus
1817 1113 1898 1188 illas,
1923 1133 2005 1193 quae
2025 1113 2125 1176 Sciris

305 1205 530 1276 convenerunt,
554 1221 667 1264 omnes
689 1200 795 1264 denuo
810 1201 990 1277 convenire,
1014 1207 1087 1280 poet
1101 1221 1130 1262 v.
1151 1201 1200 1264 18.
1219 1162 1304 1264 liene
1319 1219 1352 1264 ιι
1368 1200 1494 1264 habeat.
1530 1199 1663 1264 Accedit
1677 1201 1766 1264 enim
1786 1201 1877 1266 aliud
1897 1207 2125 1284 argumentum

306 1292 404 1371 idque
427 1289 565 1371 gravius.
611 1291 763 1372 Lychnus
787 1291 889 1368 enirn,
919 1289 983 1354 nisi
1007 1291 1076 1371 ipse
1098 1289 1180 1355 vidit
1166 1297 1193 1364 ι,
1218 1291 1263 1354 ιιι
1286 1295 1393 1373 gestae
1416 1310 1482 1353 non
1505 1295 1610 1370 potest
1632 1291 1778 1354 conscius
1802 1311 1885 1368 ιιιι,
1910 1292 2001 1356 nullo
2025 1291 2126 1373 igitur

306 1380 402 1444 modo
430 1383 541 1462 postea
570 1400 641 1444 eam
670 1380 845 1462 comperire
873 1384 988 1463 potest.
1035 1380 1125 1456 Quae
1151 1400 1226 1446 eum
1254 1380 1300 1444 ιιι
1327 1379 1406 1457 sint,
1438 1379 1536 1444 miror
1562 1399 1619 1444 cur
1642 1379 1800 1446 Volcanus
1830 1381 1865 1446 in
1894 1381 2034 1446 editione
2066 1402 2126 1445 sna

305 1471 552 1534 Bachmannum
575 1475 703 1534 secutus
726 1491 791 1534 non
814 1471 865 1534 ιιι.

466 1595 611 1658 Ειιιιι.
639 1615 666 1658 v.
694 1597 771 1658 282:
808 1597 987 1678 Praxagora
1010 1595 1182 1658 mulierum
1207 1595 1341 1658 chorum
1365 1595 1456 1658 iubet
1477 1595 1539 1659 iter
1561 1595 1747 1658 accelerare:

838 1697 921 1766 ἀλλὰ
942 1698 1110 1781 σπεύσαθ’,
1133 1695 1174 1772 αις
1197 1697 1289 1766 εἴωθ’
1312 1699 1383 1766 ἐκεῖ

837 1797 903 1864 τοῖς
925 1789 971 1880 μὴ
995 1787 1151 1876 παροῦσιν
1174 1783 1320 1876 ὀρθρίοις
1343 1787 1390 1864 εἰς
1412 1785 1468 1876 rip·
1492 1784 1598 1854 πύκνα
2000 1849 2002 1860 ,

840 1875 1075 1968 ὑπαποτρέχειν
1097 1881 1203 1961 ἔχουσι
1225 1877 1309 1967 μηδὲ
1332 1875 1499 1946 nemim.

305 1992 352 2053 De
373 1990 553 2093 integritate
576 1989 675 2053 huius
698 1990 769 2066 loci,
794 2011 892 2071 quern
915 1989 1033 2054 hunc
1024 2011 1058 2053 ιι
1081 1989 1216 2054 modum
1239 1987 1370 2052 reddere
1393 1991 1511 2054 solent:
1541 1990 1641 2052 »Nam
1665 2008 1735 2051 mos
1758 1993 1816 2064 est,
1841 1989 1957 2068 utqui
1980 2007 2127 2068 usquea

305 2101 401 2142 mans
424 2079 459 2142 in
482 2079 588 2159 Pnyce
611 2100 676 2142 non
699 2081 875 2156 affuerunt,
899 2079 1016 2144 abeant
1038 2100 1079 2142 ne
1102 2079 1277 2142 minimum
1300 2079 1432 2160 quidem
1454 2079 1536 2142 lucri
1564 2079 1767 2153 referentes«,
1792 2077 1890 2158 primi
1913 2077 2071 2160 Bergkius
2095 2083 2128 2140 ιι
2231 2069 2232 2078 ’

306 2169 486 2232 Meinekius
510 2168 748 2246 dubitaverunt,
773 2189 911 2250 quorum
933 2169 988 2232 ille
1011 2165 1110 2234 ιίιθι
1133 2167 1309 2232 certissime
1324 2175 1509 2252 corruptum
1513 2188 1602 2251 ,pro
1617 2159 1852 2252 circumspexere
1867 2173 1977 2232 autem
1993 2167 2126 2230 fortasse

305 2251 373 2321 ὥστ’
397 2251 586 2340 ἀποτρέχειν
609 2257 829 2339 reponendum
852 2279 920 2322 esse
943 2259 1086 2336 monuit,
1057 2258 1169 2322 thic
1191 2263 1303 2322 contra
1324 2257 1510 2323 audacius
1501 2278 1535 2321 ιι
1556 2258 1627 2322 ιοιο
1653 2257 1877 2322 constituendo
1900 2261 2044 2322 versatus
2067 2261 2125 2320 est.

305 2347 433 2431 Recipit
455 2348 544 2411 enim
566 2348 601 2411 in
625 2348 796 2412 verborum
819 2348 979 2412 ordinem:

838 2456 921 2528 ἀλλὰ
943 2459 1101 2530 σπεύσαθ’
1124 2485 1167 2536 ως
1189 2449 1261 2528 οἷόν
1283 2457 1320 2542 τ’,
1345 2457 1423 2526 ἐπεὶ

838 2559 905 2625 eote
926 2550 972 2660 μὴ
996 2547 1153 2638 παροῦσιν
1175 2545 1322 2638 ὀρθρίοις
1344 2547 1392 2623 ιις
1404 2547 1470 2656 rip
1493 2546 1598 2617 πάκνα

838 2639 898 2708 ἔστ’
922 2637 1110 2728 άποιρὲχιιν
1132 2642 1240 2723 ἔχουσι
1261 2639 1345 2729 μηδὲ
1367 2636 1535 2706 πάπιιον.

306 2761 450 2825 Potuisse
473 2765 600 2840 poetam
631 2760 677 2824 sic
706 2761 842 2824 scribere
865 2781 922 2842 per
944 2781 978 2824 se
1001 2765 1102 2842 patet,
1076 2759 1188 2823 tsed
1216 2759 1386 2840 scripsitne
1408 2759 1455 2822 ita
1477 2761 1606 2824 revera?
1652 2759 1808 2822 Valsenus
1832 2757 1980 2821 adnotat:
2014 2751 2124 2821 »εἴωθ’

305 2851 366 2914 hoe
388 2851 457 2914 loco
481 2849 658 2931 significare
678 2850 767 2913 videt
753 2856 805 2913 tur
825 2849 911 2914 idem
932 2857 1028 2932 atque
1051 2847 1127 2922 ἔθος
1149 2846 1246 2927 ἐστίν,
1270 2849 1325 2914 ιιι.
1346 2849 1564 2928 Hesychium:
1589 2847 1664 2922 ἔθος
1687 2847 1754 2928 ἔχει
1773 2847 1917 2927 (seilicet,
1942 2851 1979 2911 ιιι
1998 2847 2122 2930 opinor,

304 2935 376 3012 τοὺς
398 2932 616 3022 ἀνθρώπους),
647 2939 704 3003 sed
731 2939 838 3003 nescio
866 2961 908 3002 an
936 2945 1083 3021 corrupta
1112 2940 1179 3003 sint
1200 2939 1298 3005 verba
1324 2933 1365 3010 ιις
1387 2935 1478 3003 εἴωθ’
1502 2935 1581 3017 ἐκεῖ,
1613 2960 1671 3022 pro
1694 2937 1813 3018 quibus
1835 2936 2041 3001 scribendum
2067 2937 2121 3000 sit:

305 3023 346 3101 ὥς
376 3028 452 3101 ἔθος
479 3023 505 3108 γ’
529 3025 612 3106 ἐκεῖ,
641 3029 741 3108 (ιιιι
771 3028 863 3092 video
890 3028 978 3091 idem
1007 3029 1072 3092 fere
1100 3029 1274 3092 coniecisse
1297 3027 1571 3108 Schneiderum).‹
1625 3026 1689 3091 Sed
1722 3025 1793 3091 ικιῑ
1825 3025 1904 3107 quid
1938 3025 2002 3088 sibi
2035 3025 2121 3100 velit,

305 3119 455 3199 equidem
486 3119 614 3198 assequi
645 3139 710 3181 non
738 3137 880 3200 possum.
928 3117 1115 3200 Blaydesius
1142 3116 1348 3182 commendat
1376 3110 1417 3188 αις
1446 3113 1617 3204 εἰρημένον
1644 3117 1697 3181 vel
1724 3110 1766 3188 αις
1788 3115 1872 3182 ἔσιιν
1893 3111 1920 3198 γ’
1944 3113 2034 3192 ἔθος,
2065 3135 2122 3196 ego

306 3215 423 3286 autem,
448 3207 635 3290 praesertim
659 3227 733 3273 cum
757 3207 833 3280 ἔθος
856 3230 876 3271 a
898 3206 1058 3272 sententia
1080 3207 1155 3271 sit
1146 3213 1236 3289 mept
1236 3227 1303 3284 um,
1327 3206 1407 3270 haec
1429 3207 1649 3289 praetulerim:

838 3318 920 3390 αἰιιι
942 3317 1111 3401 σπεύσαθ’,
1134 3315 1177 3396 ιις
1199 3318 1280 3388 ἔσθ’
1305 3315 1445 3432 ἡδίκη

837 3420 904 3487 νοῖς
926 3407 972 3499 μὴ
995 3406 1154 3496 παροῦσιν
1175 3404 1322 3497 ὀρθρίοις
1344 3405 1392 3483 εἷς
1413 3405 1471 3498 τὴν
1492 3405 1598 3476 πύκνα

838 3497 1073 3590 υπαποιρέχιιν
1095 3501 1202 3582 ἔχουσι
1223 3498 1307 3587 μηδὲ
1329 3495 1496 3566 aemam

304 3621 337 3772 ξι.
362 3642 389 3683 ι.
441 3621 579 3773 fferam
610 3623 773 3698 festinate;
805 3643 882 3686 nam
905 3621 943 3699 ii,
975 3619 1033 3702 qui
1060 3639 1155 3684 mene
1182 3639 1249 3682 non
1271 3617 1403 3696 adsunt,
1427 3638 1466 3683 ιι
1487 3637 1593 3702 poena
1615 3617 1814 3695 afficiuntur,
1839 3623 1877 3682 ut
1898 3618 2017 3681 abeant
2038 3614 2117 3680 nihil

318 3711 386 3774 ueri
407 3717 607 3776 restantes«

465 3836 605 3900 Eccles.
637 3839 726 3901 339:
763 3838 937 3918 Postquam
964 3835 1121 3919 Blepyrus
1148 3839 1281 3917 questus
1311 3840 1373 3911 eet,
1410 3833 1529 3916 quibus
1560 3837 1756 3916 premeretur
1786 3831 1944 3916 angustiis
1970 3827 2118 3916 (uxorem

304 3927 390 3990 enim
415 3947 510 3990 mane
533 3927 669 4009 pallium
693 3946 789 3992 suum
813 3946 920 3990 secum
944 3925 1138 4005 abstulisse),
1163 3925 1244 3988 alter
1266 3923 1315 3988 vir
1336 3923 1524 4006 respondet:

836 4037 876 4127 νὴ
897 4036 950 4106 τιν
974 4035 1129 4118 Ποσειδῶ,
1152 4031 1247 4104 euicit
1267 4033 1418 4103 τοίνυν*
1397 4059 1542 4120 ινιικρυς

837 4125 913 4210 ἐμοὶ
936 4133 1113 4200 πέπονθας.
1136 4150 1191 4192 και
1212 4123 1270 4238 γὰρ
1292 4110 1316 4234 ᾗ
1335 4124 1456 4234 ξύνειμ’
1480 4123 1542 4209 ἐγώ

838 4215 972 4325 pppo'dq'
997 4216 1052 4297 σι’,
1076 4218 1191 4297 ἔχουσα
1213 4213 1384 4298 θοίμάτιον
1407 4211 1489 4325 oriris
1511 4210 1654 4302 ’φόρουν

632 4311 643 4336 ’
726 4311 800 4373 342.
835 4301 894 4373 κοῦ
916 4305 1006 4374 ιοῦιι
1028 4304 1200 4419 torreta,
1219 4299 1300 4372 ἀλλὰ
1319 4302 1427 4372 και
1395 4328 1450 4381 ιας
1471 4303 1622 4414 ἐμβάδας.

836 4393 953 4464 οῦκονν
975 4393 1136 4482 λαβεῖν’
1109 4419 1128 4477 γ
1160 4391 1253 4468 αὐτὸς
1276 4392 1439 4484 ἐδυνάμην
1461 4391 1614 4480 οὐδαμοῦ.

303 4539 332 4581 v.
359 4519 431 4581 342.
457 4517 583 4584 videtur
605 4517 747 4598 graviore
769 4517 901 4580 vulnere
922 4515 1073 4579 laborare.
1122 4515 1166 4576 Ut
1188 4513 1275 4577 enim
1297 4534 1385 4578 nunc
1407 4533 1441 4578 se
1463 4515 1575 4590 habet,
1603 4511 1785 4577 Meinekius
1808 4531 1866 4576 suo
1889 4513 1958 4576 iure
1980 4512 2113 4595 quaerit,

303 4605 389 4670 unde
412 4607 551 4689 pendere
580 4607 726 4670 dicamus
751 4607 846 4672 verba
868 4598 951 4670 ιιιιι
971 4597 1027 4668 και
1048 4599 1102 4676 αις
1124 4597 1277 4687 ἐμβάδας,
1305 4603 1436 4668 credens
1458 4623 1526 4667 rem
1550 4603 1597 4667 ιιι
1620 4601 1766 4684 expediri
1792 4621 1900 4685 posse,
1929 4608 1968 4667 ut
1994 4603 2114 4683 legatur

301 4689 359 4760 κοῦ
382 4693 471 4760 ιοῦιι
493 4692 660 4776 λυπιῖμζ
683 4689 796 4760 ἀλλ”
777 4717 825 4760 οτι
846 4691 902 4760 και
924 4689 977 4766 αις
999 4689 1147 4777 ἐμβάδας.
1195 4693 1317 4756 Tamen
1338 4714 1379 4756 ne
1402 4693 1464 4757 hcc
1487 4691 1618 4774 quidem
1645 4693 1729 4756 mihi
1751 4692 1883 4769 arridet,
1855 4691 2000 4772 tquod
2022 4697 2114 4772 poeta

301 4792 385 4849 certe
401 4785 535 4849 verbum
558 4786 687 4850 finitum
711 4783 886 4850 adiecisset.
923 4787 1040 4848 Assent
1041 4785 1106 4848 itur
1128 4803 1158 4845 ιι
1148 4781 1372 4864 Blaydesius,
1396 4781 1454 4864 qui
1475 4785 1638 4863 praeterea
1657 4782 1727 4846 eine
1746 4781 1814 4845 ulla
1832 4799 1929 4846 causa
1948 4781 2018 4862 (cfr.
2038 4777 2113 4856 343)

301 4867 384 4955 οῦγὼ
414 4870 503 4958 φορῶ
533 4874 739 4939 scribendum
773 4875 933 4956 proponit.
984 4873 1201 4954 Neglexerunt
1231 4871 1329 4953 igitur
1352 4871 1386 4934 id
1416 4871 1503 4952 quod
1526 4893 1554 4936 v.
1581 4873 1653 4935 342.
1683 4873 1718 4935 ιι
1749 4870 1950 4935 codicibus'
1941 4870 2103 4934 1nvenitur

302 4965 499 5046 quorumR.
523 4959 613 5028 ιιῦιι
641 4987 685 5029 πο
707 4961 873 5044 ιυπιῑμζ
901 4965 1018 5046 reliqui
1045 4957 1136 5028 ιαῦιό
1165 4983 1216 5026 πιο
1243 4961 1408 5025 exhibent.
1456 4962 1557 5026 Aliter
1578 4961 1748 5036 Velsenus,
1778 4961 1831 5024 cui
1856 4965 1986 5042 propter
2015 4956 2110 5022 admi·

301 5055 435 5120 rabilem
459 5053 582 5120 codices
605 5053 826 5139 perscrutandi
848 5053 1085 5138 diligentiam
1075 5073 1111 5116 ιι
1132 5051 1352 5136 compluribus
1376 5050 1494 5115 fabulis
1517 5051 1716 5116 omniafere
1739 5011 1904 5118 debemus
1944 5048 2006 5113 Sed
2030 5065 2110 5130 quae

301 5145 371 5231 ipse
394 5143 572 5228 proposuit:
