4528 5818
1065 321 1409 385 ...-16...-

329 512 415 604 όρῶ).
454 519 492 582 In
516 519 609 584 tertio
633 517 713 600 pede
737 519 927 601 praegressis
950 517 1077 582 duobus
1100 519 1281 600 anapaestis
1304 539 1370 582 non
1393 537 1474 599 opus
1497 536 1565 582 esse
1588 515 1777 600 spondeum,
1803 517 1860 599 qui
1875 517 2005 600 ungero
2023 515 2160 580 videtur

329 609 535 682 necessarius,
560 611 637 690 poni
660 630 700 672 ex
723 609 859 672 Acharn.
888 611 927 671 16
951 615 983 672 et
1009 607 1092 672 1073
1116 615 1256 690 apparet.

489 736 559 796 Pac.
586 735 662 796 211:
693 734 869 797 Mercurius
892 733 1036 815 exponit,
1062 753 1118 796 cur
1141 733 1285 796 nondum
1308 753 1374 814 pax
1397 733 1480 796 inter
1499 731 1767 796 Lacedaemonios
1788 739 1820 796 et
1835 735 2057 796 Athenienses
2083 752 2160 794 oon-

330 825 439 888 ciliata
461 824 510 886 sit.
556 823 607 884 »Si
631 823 760 902 quando
780 825 930 898 Lacones,
956 824 1071 902 inquit,
1096 824 1272 904 superiores
1296 828 1394 898 erant,
1419 823 1466 886 ita
1489 822 1554 885 fere
1569 823 1797 904 loquebantur:
1822 824 1915 888 Nunc
1931 823 2161 886 Athenienses

330 934 447 995 poenas
471 913 603 975 dabunt.
651 912 768 976 Contra
797 913 824 975 si
854 933 923 988 vos,
956 913 1181 989 Athenienses,
1212 913 1329 975 melius
1359 932 1427 974 rem
1456 913 1623 992 gesseratis
1652 919 1866 993 venerantque
1897 913 2062 981 Lacones,
2102 911 2161 990 qui
2260 959 2261 996 3

331 1005 370 1064 de
394 1024 470 1084 pace
494 1009 632 1082 agerent,

757 1091 831 1152 217.
863 1087 975 1196 ἐλέγετ’
999 1079 1038 1198 ζον
1061 1082 1155 1192 ὑμεῖς
1177 1083 1286 1164 εόθύς·
1307 1086 1567 1202 ι1ἐξαρτατξόμοθα

864 1183 1208 1356 tabttttta
1230 1182 1693 1356 axtbdbwliiffl‘

333 1399 472 1461 Multum
496 1395 787 1459 verisimilitudinis
811 1395 916 1472 habet,
942 1397 1028 1475 quod
1051 1397 1264 1459 Schneiderus
1287 1397 1327 1460 de
1349 1397 1401 1460 his
1416 1397 1560 1460 versibus
1584 1397 1675 1462 dicit:
1705 1399 1822 1460 »trium
1845 1397 2019 1460 hominnm
2048 1397 2160 1478 privas

333 1507 424 1550 voces
452 1485 604 1548 exaudire
632 1486 714 1546 mihi
737 1485 877 1548 videor«.
925 1486 962 1546 In
987 1507 1014 1548 v.
1041 1488 1105 1549 219
1134 1487 1230 1548 multi
1257 1485 1359 1549 critici
1385 1487 1504 1549 frustra
1531 1507 1661 1570 operam
1689 1495 1873 1568 posuerunt.
1920 1486 2037 1568 Neque
2069 1487 2159 1548 enim

332 1567 372 1662 ἢν
395 1573 520 1654 ἕλωμεν
541 1569 597 1659 τὴν
622 1569 735 1638 Πύλον
763 1574 968 1654 (Hirsohig.),
998 1595 1102 1656 neque
1133 1567 1310 1655 ἀντέχομεν
1337 1565 1377 1638 αὖ
1400 1571 1499 1640 στόλον
1527 1577 1672 1656 (Koch),
1704 1597 1808 1656 neque
1836 1573 1930 1658 εἴπερ
1954 1575 2079 1656 ἔχομεν
2104 1571 2161 1660 τὴν
2261 1623 2262 1662 ,

334 1661 447 1730 Πύλον
476 1664 854 1744 (Muellerus-Struebing
882 1665 998 1726 Annal.
1026 1665 1139 1742 1878),
1169 1685 1273 1746 neque
1300 1653 1341 1749 ἢν
1368 1662 1409 1728 ἔτ’
1437 1665 1560 1745 ἔχωμεν
1589 1660 1645 1752 τὴν
1672 1661 1770 1728 πόλιν
1797 1665 2027 1745 (Schneiderus
2057 1665 2158 1742 1878)
2261 1665 2262 1710 t

333 1757 514 1820 satisfacere
546 1755 639 1816 nobis
670 1759 784 1835 potest.
832 1754 899 1833 Ego
926 1754 1009 1820 hano
1036 1755 1163 1834 requiro
1195 1755 1404 1820 sententiam:
1437 1755 1618 1832 »redibunt
1648 1757 1675 1818 si
1699 1755 1780 1819 forte
1803 1755 1919 1837 Pylum
1942 1755 2158 1817 reddamus«.

334 1846 427 1920 Quod
450 1845 478 1908 si
500 1863 534 1907 se
557 1851 641 1907 recte
664 1843 771 1919 habet,
796 1843 967 1923 legendum
991 1851 1052 1906 est:

876 1943 987 2037 ἥξουσι
1010 1940 1134 2030 καῦθις,
1158 1941 1203 2038 ἢν
1226 1945 1384 2035 ἀφῶμεν
1405 1945 1461 2038 τὴν
1485 1947 1606 2017 Πύλον.

333 2051 464 2142 ἀφιέναι
487 2051 593 2130 αὐτοῖς
618 2053 730 2122 Πύλον
751 2059 915 2122 invenitur
937 2059 1068 2140 Lysistr.
1096 2062 1190 2123 1166.
1216 2059 1372 2124 Convenit
1393 2062 1469 2126 huic
1497 2063 1671 2143 scripturae
1694 2061 1728 2124 id
1752 2059 1838 2142 quod
1862 2058 2074 2141 Thucydides
2101 2059 2156 2134 IV,

334 2151 373 2210 41
392 2149 484 2212 dicit:
510 2143 738 2232 ἐπρεσβεύοντο
759 2145 834 2231 παρ’
858 2141 970 2220 αὐτοὺς
992 2143 1047 2212 καὶ
1063 2143 1235 2232 ἐπειρῶντο
1257 2145 1313 2236 τήν
1335 2171 1369 2213 τε
1392 2145 1506 2214 Πύλον
1528 2147 1583 2216 καὶ
1606 2147 1675 2223 τοὺς
1697 2145 1813 2234 ἄνδρας
1835 2149 2039 2230 κομίζεσθαι.
2088 2150 2157 2210 Ηοε

334 2239 421 2301 ε111111
445 2239 649 2320 perspicuum
674 2244 730 2314 est,
760 2245 886 2319 poetam
911 2240 1032 2302 nullam
1056 2240 1153 2302 aliam
1175 2240 1366 2320 legationem
1383 2241 1708 2306 Lacedaemoniorum
1730 2241 1908 2320 significare
1928 2240 2078 2320 potuisse
2096 2239 2157 2300 nisi

336 2329 442 2402 illam,
472 2348 554 2408 quae
577 2329 654 2408 Pylo
678 2348 697 2390 a
720 2328 934 2390 Demosthene
958 2335 1113 2410 occupata
1134 2330 1278 2392 Athenas
1303 2330 1399 2393 venit.
1422 2325 1479 2415 τὴν
1507 2325 1606 2396 πόλον
1633 2335 1741 2392 autem
1769 2329 2018 2412 praeferendum
2049 2329 2158 2390 sitan
2262 2407 2263 2412 ρ

333 2413 389 2501 τὴν
414 2413 536 2495 Πύλον,
560 2417 696 2480 dubium
720 2423 777 2480 est.
2262 2423 2263 2426 ’

428 2544 507 2606 Pac.
535 2545 615 2606 255.
653 2542 734 2606 Πολ.
760 2547 832 2606 Παῖ
853 2548 916 2606 παῖ
937 2541 1094 2624 Κοδοιμίς
1117 2544 1194 2608 Κοδ.
1217 2545 1250 2607 τί
1269 2566 1312 2626 με
1333 2544 1456 2628 καλεῖς;
1482 2545 1563 2610 Πολ.
1586 2540 1717 2609 κλαύσει
1740 2540 1858 2630 μακρά.

647 2626 797 2719 Ἕστηκας
820 2625 927 2717 όργύς;
950 2627 1060 2697 ούτοσί
1080 2649 1131 2697 σοι
1152 2629 1314 2707 κόνδυλος.

657 2723 732 2786 Κοδ.
756 2715 808 2794 Ὡς
832 2718 953 2806 δριμύς.
989 2721 1090 2803 Οἶμαι
1111 2744 1169 2803 μοι
1190 2719 1295 2802 τάλας,
1319 2714 1343 2787 d
1366 2725 1512 2790 δέσποτα.

659 2815 753 2894 Τρογ.
779 2807 861 2875 Μῶν
884 2807 944 2874 τῶν
967 2807 1128 2896 σκορόδων
1150 2811 1299 2896 ἐνέβαλεν
1322 2813 1355 2888 ἐς
1376 2813 1429 2880 τὸν
1450 2811 1622 2892 κόνδυλονς

657 2900 738 2964 Πολ.
763 2898 871 2974 Οἲσεις
894 2895 1099 2986 ἀλετρίβανον
1121 2905 1258 2988 τρέχακνς

336 3009 370 3072 81
398 3029 427 3070 v.
453 3009 527 3071 256.
555 3003 708 3080 κόνδυλος
736 3029 856 3081 revera,
892 3016 929 3072 ut
961 3011 1132 3074 scholiasta
1159 3010 1323 3074 contendit
1353 3019 1386 3074 et
1414 3012 1573 3074 Aemilius
1600 3010 1739 3074 Schinolr
1771 3011 1913 3089 (Quaeat.
1946 3009 2044 3074 Arist.
2077 3009 2155 3072 Neu·

336 3099 564 3161 haldensleben
591 3097 689 3174 1877)
714 3099 931 3162 demonstrare
959 3107 1105 3176 conatur,
1138 3095 1368 3185 παρεπιγραφή
1396 3107 1443 3164 est
1470 3101 1511 3163 ob
1539 3121 1675 3181 eamque
1703 3121 1832 3164 causam
1860 3101 2017 3163 removeri
2051 3101 2154 3170 debet,

337 3190 474 3270 priorem
503 3207 631 3268 quoque
659 3207 768 3252 versus
795 3195 918 3268 partem
947 3190 1124 3266 deleamus,
1159 3209 1224 3270 qua
1251 3211 1317 3254 non
1344 3191 1465 3254 invitus
1492 3210 1641 3253 carerem.
1692 3189 1857 3253 Praeterea
1886 3182 1928 3260 ὥς
1955 3185 2073 3270 δριμύς
2101 3191 2153 3266 (sc.

338 3271 531 3348 ὁκόνδολός
554 3275 632 3355 ἐστι,
662 3277 748 3358 quod
777 3299 869 3340 exv.
896 3277 958 3342 257
991 3280 1132 3359 intellegi
1162 3281 1280 3361 potest)
1309 3280 1451 3361 Trygaeo
1479 3279 1625 3342 dandum
1652 3286 1714 3354 est;
1744 3279 1836 3342 aliter
1863 3280 1949 3342 enim
1979 3279 2154 3342 Tumultus

337 3387 445 3448 pugno
470 3387 579 3430 caesus
603 3374 697 3430 antea
719 3364 810 3446 οἴμοι
832 3389 889 3447 μοι
912 3361 1007 3440 τύλος
1030 3369 1220 3446 exclamare,
1246 3375 1358 3451 postea
1380 3361 1421 3440 ὥς
1444 3363 1559 3454 δριμύς
1582 3368 1698 3431 addere
1721 3367 1867 3432 debebat.

496 3501 576 3564 Pac.
603 3501 689 3564 605:
722 3502 898 3566 Mercurius
914 3522 948 3566 se
971 3503 1117 3584 agricolis
1140 3509 1343 3568 narraturum
1366 3503 1457 3581 dicit,
1481 3502 1643 3584 quomodo
1659 3505 1725 3566 Pax
1747 3504 1866 3566 amissa
1886 3502 1928 3565 sit
1949 3497 2051 3588 (τήνδ’
2074 3495 2151 3567 ὅπως

337 3583 507 3670 όπιύλετο).
556 3591 678 3653 Deinde
701 3591 817 3671 pergit:

712 3693 819 3792 πρῶτα
841 3694 902 3776 μὲν
924 3691 981 3779 γὰρ
1006 3691 1099 3782 αὐτῆς
1121 3686 1197 3784 ἦρξε
1220 3699 1353 3771 Φειδίας
1376 3694 1500 3783 πράξας
1521 3695 1630 3772 κακῶς·

712 3793 781 3850 stra
805 3787 983 3872 Περικλέης
1005 3785 1164 3872 φοβηθεὶς
1186 3784 1232 3874 μὴ
1255 3785 1405 3868 μετάσχοι
1427 3786 1481 3874 τῆς
1502 3785 1609 3876 τύχης,

712 3923 772 3940 ...
798 3875 947 3958 ἐξέφλεξε
969 3872 1026 3962 τὴν
1049 3873 1147 3942 πόλιν
1171 3923 1232 3943 ...
1255 3871 1474 3966 κόξεφύσησεν
1496 3877 1643 3944 τοσοῦτον
1666 3874 1813 3959 πόλεμον

711 4013 797 4030 ....
822 3959 879 4051 ἥδε
903 3967 930 4030 δ
953 3959 1133 4052 ἠφανίζετο.

339 4079 434 4170 αὐτῆς
456 4069 546 4166 ἦρξε,
571 4082 657 4162 quod
681 4105 745 4146 non
771 4081 865 4144 modo
889 4081 1014 4144 codices
1038 4082 1095 4144 sed
1119 4083 1216 4146 etiam
1240 4085 1398 4148 Diodorus
1421 4085 1565 4160 exhibet,
1590 4084 1800 4166 depravatum
1825 4101 1893 4146 esse
1917 4082 1965 4144 vel
1990 4101 2031 4142 ex
2056 4085 2157 4142 metro

340 4181 480 4257 apparet.
528 4172 621 4246 Quod
645 4193 718 4234 oum
741 4174 787 4234 ita
810 4173 861 4247 sit,
886 4172 1136 4234 innumerabiles
1160 4173 1358 4237 coniecturae
1381 4193 1399 4236 a
1420 4176 1496 4237 viris
1519 4175 1622 4237 doctis
1645 4174 1787 4254 prolatae
1811 4178 1895 4248 sunt,
1921 4191 2025 4250 neque
2049 4177 2155 4231 tamen

341 4285 414 4326 vera
430 4263 577 4326 videntur
600 4263 731 4324 inventa
754 4281 830 4324 esse.
869 4261 939 4323 ltlea
962 4262 1094 4342 quidem
1118 4263 1275 4325 sententia
1296 4284 1399 4344 neque
1423 4260 1529 4345 πρῶτα
1551 4261 1612 4343 μὲν
1634 4258 1693 4345 γὰρ
1714 4251 1809 4344 ύρξεν
1835 4255 1928 4344 αὐτῆς
1954 4257 2155 4340 (Βε1111ε1αε).

340 4374 445 4434 neque
468 4347 575 4434 πρῶτα
597 4347 738 4435 μὲνγὰρ
762 4339 856 4438 ἦρξεν
879 4344 1164 4435 ἄτης18ε1111ε1αε),
1189 4373 1294 4432 neque
1317 4348 1424 4434 πρῶτα
1446 4347 1585 4432 μὲνγὰρ
1609 4345 1700 4422 αὐτὸς
1723 4351 1968 4436 ηρξε(Ρ111ε111ε)
1989 4345 2156 4432 probabile

340 4451 396 4506 est.
445 4443 567 4504 Novam
596 4441 696 4517 viam,
728 4449 812 4504 recte
839 4440 1035 4504 contendens
1065 4461 1104 4503 ex
1132 4442 1276 4504 versibus
1301 4443 1475 4506 615-618
1506 4434 1586 4521 (οὐδ’
1615 4435 1701 4512 ὅπως
1729 4433 1808 4525 αὐτῇ
1837 4434 1995 4525 προσήκοι
2024 4435 2156 4501 Φειδίας

341 4526 462 4618 ἠκηκόη
493 4538 525 4593 et
553 4525 635 4592 ταῦτ’
664 4523 714 4613 ἄρ’
744 4523 953 4613 εὐπρόσωπος
981 4519 1035 4614 ἦν,
1066 4517 1146 4593 orion
1176 4527 1323 4617 συγγενὴς
1350 4529 1489 4612 ἐκείνου)
1517 4551 1668 4614 apparere
1696 4531 1774 4594 olim
1802 4532 1836 4592 in
1859 4551 1889 4593 v.
1915 4531 1979 4592 605
2006 4525 2152 4588 Phidiam

341 4623 463 4686 dictum
488 4639 556 4684 esse
580 4641 648 4682 rem
671 4621 822 4683 habuisse
845 4641 918 4683 cum
942 4621 1032 4696 Pace,
1057 4621 1415 4703 Muellerus-Struebing
1437 4623 1598 4702 ingressus
1622 4627 1678 4696 est,
1704 4641 1777 4684 cum
1798 4619 1939 4702 scripsit:
1965 4609 2072 4722 πρῶτα
2093 4608 2153 4692 μὲν

340 4708 397 4795 γὰρ
425 4703 523 4796 ἥψατ’
553 4703 658 4796 αὐτῆς.
713 4709 805 4783 Quod
841 4729 898 4790 ego
933 4709 962 4771 ei
997 4711 1145 4774 assentiri
1179 4731 1243 4774 non
1279 4731 1419 4793 possum.
1471 4711 1553 4773 Nam
1588 4729 1661 4772 oum
1697 4731 1736 4772 ex
1772 4709 1958 4791 imperfecto
1985 4701 2154 4792 ηφανίζενο

343 4809 385 4880 (v.
405 4801 482 4877 614)
507 4800 712 4880 perspicuum
737 4799 866 4860 sitnon
890 4797 985 4861 modo
1009 4799 1160 4864 Periclem
1184 4801 1241 4863 sed
1265 4802 1363 4865 etiam
1386 4799 1536 4862 Phidiam
1560 4798 1740 4881 putandum
1764 4821 1832 4863 esse
1856 4799 2007 4872 effecisse,
2031 4799 2067 4856 ut
2090 4791 2151 4851 Pax

342 4892 520 4972 disperiret,
537 4890 692 4978 Bergkius
713 4895 744 4951 et
758 4888 947 4969 Blaydesius
970 4889 1115 4952 meliores
1136 4890 1219 4952 mihi
1239 4889 1601 4978 coniecturas-videntur
1616 4890 1796 4994 protulisse,
1821 4907 1957 4968 quorum
1975 4885 2029 4947 ills
2050 4873 2151 4962 πρῶτα

342 4975 482 5064 μὲνγὰρ
506 4972 606 5056 αὐτίχ’
630 4979 734 5062 είρξεν
758 4978 933 5060 proposuit,
958 4979 1012 5040 hic
1035 4981 1172 5060 (praeter
1195 4980 1258 5042 alia
1280 4981 1396 5058 multa)
1420 4979 1525 5062 εἰρξεν
1547 4972 1655 5064 αύτην.
1702 4979 1823 5041 Tamen
1847 4975 2066 5057 praetulerim:

785 5082 892 5174 πρῶτα
914 5083 1053 5172 μὲνγὰρ
1076 5081 1169 5158 αὐτὸς
1192 5073 1277 5171 εἶρξε
1301 5087 1434 5158 Φειδίας
1459 5081 1581 5170 πράξας
1603 5081 1714 5158 κακῶς.
