4528 5818
1042 311 1389 374 „13—

303 511 478 574 tetrametri
506 508 671 590 anapaesti
694 507 774 588 peda
797 505 933 568 verbum
960 505 1092 586 aliquod
1115 507 1219 570 inesse
1242 514 1381 590 oportet,
1411 527 1475 587 quo
1498 507 1588 590 prius
1612 509 1705 572 colon
1729 509 1927 575 terminatur.
1977 469 2125 588 Eorteese

304 599 370 662 iam
396 599 528 680 Didymi
555 597 753 678 temporibus
779 595 872 680 νίκης
898 595 935 657 in
963 594 1036 680 νίκη
1064 595 1276 678 depravatum
1306 603 1383 660 erat
1435 590 1477 680 ιη’
1505 603 1553 660 ιιι
1580 618 1679 679 germ.
1711 599 1746 662 in
1774 599 1831 663 der
1858 601 1951 666 That.
2000 601 2126 666 Similia

304 690 511 770 anastrophes
534 687 682 767 exempla
703 691 779 750 eunt
765 687 860 748 t.Av
887 685 996 746 23.t
963 689 996 746 et
1018 684 1114 767 Soph.
1140 685 1257 749 Electr.
1285 687 1379 748 1111.

477 795 565 857 Itan.
592 793 699 856 1422.
725 793 818 855 Dion.
843 785 967 892 πρῶτον
990 779 1112 870 μιν
1073 812 1132 856 ονν
1142 787 1234 896 περὶ
1245 787 1451 898 Ἀλκιβιάδου
1474 790 1533 858 τίν’
1557 795 1664 875 ἔχετον

728 876 857 965 γνώμην
878 874 1040 964 sudarem,-
1040 873 1083 990 ἡ
1107 877 1201 955 πόλις
1223 878 1281 968 γὰρ
1304 884 1458 948 δνοτοιεῐ.

606 973 699 1035 1424.
725 971 800 1034 Eur.
825 971 891 1049 ἔχει
914 967 949 1034 δὲ
972 965 1050 1052 περὶ
1072 965 1168 1034 αὐτοῦ
1190 973 1261 1036 τίνα
1283 967 1430 1084 γνάμην;
1453 974 1546 1037 Dion.
1570 974 1661 1052 τίνας

622 1101 626 1110 ·
730 1061 833 1125 ποθεῖ
852 1061 923 1140 μέν,
947 1059 1094 1144 ἐχθαίρει
1116 1059 1162 1138 δέ,
1184 1056 1383 1163 βοάλειαιδ’
1407 1061 1503 1142 ἔχειν.

728 1143 839 1214 mro
820 1171 838 1214 ο
860 1171 890 1212 ιι
911 1155 1034 1212 νοεῖτον
1058 1147 1192 1214 εἴπατον
1214 1145 1326 1215 codron
1348 1155 1433 1236 πέρι.

305 1261 344 1322 V.
371 1260 466 1322 1424.
495 1260 621 1323 offendo
650 1260 759 1323 minus
790 1259 858 1338 (cir.
890 1258 1001 1338 Blayd
1033 1259 1132 1322 adnot
1119 1260 1194 1338 t')
1185 1279 1220 1322 ιιι
1247 1259 1318 1323 τίνα
1347 1260 1460 1336 ιιιιιο,
1497 1258 1584 1340 quod
1618 1260 1737 1323 criticis
1768 1269 1957 1343 suspectum
1986 1262 2124 1338 videtur,
2192 1255 2196 1266 ’

305 1369 403 1458 qnam
427 1350 503 1430 quia
525 1369 701 1430 pronomen
728 1348 887 1425 desidero,
920 1368 983 1429 quo
1012 1349 1190 1430 urbsrpsa
1212 1349 1416 1429 significetur.
1464 1349 1610 1412 Fortasse
1642 1349 1925 1414 scribendumt
1877 1357 1938 1415 est:
1974 1343 2070 1434 αὕτη
2093 1351 2125 1416 δὲ

305 1433 383 1522 περὶ
405 1433 500 1502 αὐτοῦ
522 1438 593 1501 τίνα
614 1433 743 1524 γνιάμην
766 1437 863 1517 ἔχεις

464 1549 551 1610 Itan.
583 1545 696 1610 1436:
732 1545 907 1626 Dionysus,
924 1551 1109 1626 postquam
1137 1544 1308 1626 Euripides
1336 1550 1368 1608 et
1395 1546 1572 1627 Aeschylus
1600 1565 1693 1610 suam
1720 1553 1855 1628 uterque
1887 1547 1927 1611 de
1955 1549 2124 1612 Alcibiade

305 1636 496 1700 sententiam
523 1641 762 1718 prompserunt,
797 1635 962 1698 haesitans
989 1641 1098 1698 utrum
1127 1635 1299 1717 praeferat,
1333 1655 1453 1700 novam
1480 1636 1632 1717 proponit
1658 1635 1699 1699 de
1727 1637 1868 1701 civitatis
1897 1639 2004 1702 salute
2033 1659 2122 1718 quae

305 1725 452 1788 ationem.
498 1725 682 1807 Sequuntur
708 1724 848 1788 sedecim
876 1743 1000 1800 versus,
1033 1723 1151 1805 quibus
1183 1731 1296 1805 poetae
1323 1724 1531 1804 respondent,
1568 1744 1706 1805 quorum
1740 1745 1893 1790 versuum
1920 1727 1992 1790 sine
2026 1728 2121 1790 dubio

304 1835 442 1896 magnus
464 1834 616 1878 numerus
632 1813 795 1878 eiciendus
811 1819 874 1876 est:
902 1811 1075 1876 1437-41
1101 1812 1180 1892 (iam
1204 1812 1245 1876 ab
1261 1813 1445 1876 Aristarcho
1466 1813 1557 1877 obelo
1578 1815 1704 1892 notati),
1728 1815 1913 1893 1449—50,
1937 1817 2123 1880 1452-53.

305 1903 423 1966 Omnes
452 1905 511 1967 hos
539 1904 719 1966 Meinckins
746 1907 778 1966 et
800 1903 957 1966 Veleenue
988 1907 1231 1984 expunxerunt;
1267 1921 1339 1966 ecce
1367 1903 1534 1966 Vahlenus
1561 1909 1716 1986 patronus
1744 1923 1855 1968 eorum
1890 1906 2029 1970 exsistit.
2081 1907 2123 1968 De

304 1993 394 2055 cuius
418 1993 576 2056 sententia
598 2013 618 2055 a
638 1993 844 2056 Bachmenno
867 1993 979 2055 leviter
1002 1997 1087 2056 tacta
1110 1991 1215 2056 fusius
1238 1990 1343 2055 dicere
1366 1991 1455 2055 haud
1478 1992 1620 2056 alienum
1643 1993 1731 2056 videt
1717 1999 1779 2056 tur.
1824 1994 1940 2058 Censet
1964 1996 2056 2058 enim
2078 1996 2122 2056 vir

305 2081 519 2160 doctissimus,
543 2082 669 2146 etiamsi
684 2083 846 2163 Dionysus
868 2101 968 2144 unam
992 2081 1033 2144 ab
1055 2087 1192 2162 utroque
1215 2079 1256 2144 dc
1271 2081 1380 2144 civitat
1381 2100 1399 2143 e
1414 2081 1609 2144 sententiam
1624 2083 1822 2164 expetiverit,
1847 2089 1958 2148 tamen
1982 2085 2121 2177 potuisse

304 2171 492 2252 Euripidem
515 2172 640 2236 effutire
662 2170 756 2248 dues,
786 2171 973 2254 praesertim
1000 2190 1075 2233 cum
1097 2169 1132 2232 id
1155 2190 1231 2234 cum
1261 2171 1433 2234 manifesta
1461 2170 1619 2234 ludificat
1597 2176 1684 2234 trone
1714 2171 1831 2236 dicent'
1809 2179 1850 2236 trs
1877 2172 1952 2248 fiat;
1987 2193 2121 2254 cumque

304 2281 379 2323 eum
402 2281 468 2324 non
491 2261 594 2340 fugiat
612 2262 659 2324 ita
677 2280 796 2337 versus,
820 2278 900 2363 quos
919 2279 1046 2340 pronun
1047 2260 1108 2323 tiat
1130 2257 1311 2340 Euripides,
1335 2259 1419 2322 male
1442 2259 1644 2340 interrumpi,
1669 2267 1743 2325 ante
1763 2281 1891 2325 versum
1914 2222 2002 2326 1442
2022 2281 2121 2326 unum

305 2351 447 2414 interiise
470 2351 649 2431 suspicatur
670 2351 768 2413 huius
791 2349 927 2430 generis:
952 2348 1040 2411 Διον.
1056 2343 1160 2420 καλῶς
1183 2353 1361 2434 παραινεῖς,
1386 2340 1455 2412 ἀλλ’
1477 2346 1586 2434 ἕτερον
1606 2349 1761 2436 ζητητέον,
1786 2351 1828 2413 ad
1852 2371 1935 2431 qnae
1952 2351 2122 2434 Euripides

305 2439 510 2522 respondeat.
535 2435 593 2517 ἐγὼ
614 2435 676 2519 μιν
697 2429 771 2502 οἶδα
792 2433 848 2501 καὶ
871 2436 956 2501 θέλοι
979 2431 1123 2522 φράζειν.
1163 2437 1227 2500 Sed
1249 2457 1448 2519 quamquam
1468 2438 1523 2502 hic
1538 2457 1648 2502 versus
1668 2458 1874 2520 nequaquam
1892 2439 2123 2524 vituperandus

305 2535 396 2604 esset,
421 2535 529 2592 tamen
552 2529 741 2609 Dionysum,
766 2527 954 2610 priusquam
977 2528 1156 2609 Aeschylus
1179 2527 1260 2608 quid
1283 2527 1418 2590 sentiret
1404 2526 1568 2604 tdiceret,
1545 2528 1742 2608 tEuripidi
1765 2529 1963 2593 concessisse
1986 2537 2024 2594 ut
2046 2529 2122 2592 duas

305 2617 443 2680 effutiret
470 2618 657 2694 sententias,
686 2616 836 2698 equidem
863 2615 989 2680 οιιιιιιι
1021 2638 1087 2680 non
1114 2635 1257 2698 possum.
1304 2616 1344 2679 Id
1374 2615 1461 2679 enim
1490 2617 1652 2698 Dionysus
1680 2636 1849 2698 nunquam
1878 2618 1965 2683 fecit.
2014 2620 2104 2682 Etn

304 2726 397 2771 versu
422 2706 505 2770 1397
530 2707 661 2787 quidem
689 2699 771 2785 (ἀλλ’
794 2703 902 2790 ἕτερον
925 2692 966 2768 αὖ
990 2699 1086 2790 ζήτει)
1115 2705 1214 2770 huius
1242 2705 1288 2768 rei
1311 2704 1495 2788 probandae
1523 2725 1620 2769 causa
1647 2707 1696 2770 nti
1724 2708 1911 2788 poterimus.
1961 2709 2046 2770 Nam
2068 2707 2120 2768 illo

303 2797 385 2872 loco,
410 2815 483 2858 cum
507 2802 601 2859 antea
622 2797 854 2877 Aeschyluset
876 2795 1047 2875 Euripides
1071 2813 1182 2859 versus
1204 2795 1485 2876 pronuntiaverint
1506 2800 1675 2875 tamquam
1698 2795 1740 2858 ad
1763 2799 1930 2874 stateram,
1961 2804 2000 2862 ut
2018 2795 2119 2861 videri

304 2893 424 2966 posset,
455 2885 557 2948 utrius
580 2905 688 2949 versus
715 2885 849 2948 inferius
872 2891 1053 2964 vergerent,
1082 2883 1255 2966 Euripides
1283 2890 1392 2948 autem
1416 2884 1567 2960 alterum,
1596 2885 1653 2965 qui
1683 2905 1749 2947 non
1776 2886 1881 2966 magis
1909 2905 2012 2966 quam
2038 2886 2119 2966 prior
2233 2899 2234 2920 ν

305 2975 453 3038 deorsum
476 2975 587 3055 vergit,
610 2980 778 3054 tamquam
802 2974 967 3036 meliorem
989 2974 1110 3050 laudet,
1087 2973 1214 3054 tquid
1237 2973 1367 3049 mirum,
1393 2973 1420 3035 si
1441 2973 1611 3054 Dionysus,
1637 2975 1714 3054 quia
1735 2974 1790 3036 hic
1809 2994 1920 3038 versus
1941 2996 2001 3058 pro
2022 2973 2118 3037 nihilo

304 3065 355 3140 sit,
380 3065 521 3146 postulat
542 3069 579 3126 ut
601 3063 701 3126 alium
725 3064 820 3214 eligat
843 3063 974 3139 axillis,
999 3063 1153 3144 quisunt
1174 3063 1304 3125 maioris
1324 3023 1497 3144 pdnderis?
1532 3061 1665 3126 Accedit
1680 3063 1767 3143 quod
1782 3063 1927 3128 versibus
1947 3063 2115 3127 1437-41

305 3154 431 3217 omissis
454 3175 483 3216 v
503 3154 588 3214 1442
603 3147 676 3232 (ἐγὼ
698 3149 759 3232 μὲν
781 3142 866 3230 οἶ)δα
854 3153 1048 3232 )ριιιο1ιιι
1071 3151 1289 3232 superioribus
1311 3151 1451 3214 additur.
1491 3150 1555 3214 Cur
1577 3152 1666 3214 enim
1689 3153 1888 3233 Euripidem,
1913 3154 1974 3234 qui
1989 3173 2019 3216 v.
2038 3151 2116 3214 1426

304 3243 446 3323 Dionyso
468 3243 540 3306 stat
531 3263 578 3304 rm
605 3241 775 3334 respondet
802 3237 897 3320 (μισῶ
924 3238 1089 3344 nottrpc),
1119 3242 1190 3304 hoc
1210 3247 1319 3304 autem
1346 3241 1416 3302 loco
1447 3241 1556 3304 ante
1547 3247 1671 3304 rustum
1698 3261 1888 3323 responsum
1914 3243 1998 3306 haec
2027 3241 2116 3306 verba

305 3332 492 3412 pronuntiat
514 3326 573 3409 ἐγὼ
594 3327 656 3411 μιν
678 3321 751 3394 οἶδα
772 3325 828 3394 καὶ
850 3330 935 3394 sela
959 3325 1104 3414 φράζειν,
1128 3330 1182 3392 hic
1206 3349 1334 3411 qnoque
1357 3329 1509 3393 continuo
1527 3349 1619 3392 suam
1636 3331 1829 3394 sententiam
1846 3331 1958 3394 efferre
1974 3331 2115 3395 debuisse

305 3421 470 3484 Vahlenus
492 3421 677 3496 arbitretur,
706 3419 854 3501 equidem
883 3421 1007 3484 nullam
1030 3419 1124 3485 video
1153 3437 1293 3482 causam.
1340 3418 1450 3480 Nihilo
1477 3419 1581 3499 magis
1604 3418 1644 3481 de
1671 3419 1803 3501 reliquis
1826 3419 1974 3485 versibus
1998 3421 2039 3484 ad
2060 3416 2112 3480 viri

305 3509 513 3573 eruditissimi
536 3512 728 3574 sententiam
751 3511 945 3574 accesserim.
993 3509 1221 3573 Bachmannus
1242 3525 1353 3571 rursus
1377 3527 1430 3570 eos
1453 3527 1577 3583 versus,
1603 3509 1659 3588 qui
1683 3529 1702 3570 a
1724 3509 1843 3572 criticis
1866 3515 1903 3572 ut
1926 3511 1998 3572 sani
2021 3504 2110 3572 relicti

168 3685 172 3692 ι
305 3607 381 3662 sunt
413 3600 589 3680 (praeterea
615 3621 644 3662 v.
678 3599 877 3677 1460-61),
912 3605 1120 3680 transponere
1157 3603 1289 3660 conatur
1321 3597 1381 3673 ιιι,
1408 3601 1455 3660 'ut
1441 3597 1676 3673 ι,1435-36
1712 3598 1901 3674 1454-61,
1935 3600 2059 3661 1442-
2064 3593 2108 3666 51,

307 3686 477 3750 1467-81
503 3689 587 3752 inter
609 3707 643 3752 se
665 3689 835 3768 excipiant.
882 3689 971 3762 Quae
993 3688 1137 3751 traiectio
1161 3686 1289 3750 etiamsi
1312 3705 1332 3748 a
1354 3686 1515 3750 sententia
1537 3705 1571 3748 se
1594 3693 1678 3750 recte
1706 3687 1898 3764 haberet,t
1884 3692 1995 3750 tamen
2018 3699 2113 3764 neque

305 3797 336 3840 v.
362 3777 446 3840 1454
469 3778 575 3841 versui
600 3778 684 3841 1436
708 3771 755 3862 (τί
774 3771 828 3840 δαὶ
850 3771 890 3840 σά
913 3778 1001 3869 enim
1024 3777 1171 3858 ineptum
1194 3781 1251 3852 est,
1275 3775 1340 3839 nisi
1359 3773 1521 3856 Dionysus
1544 3775 1674 3839 alterius
1697 3781 1810 3858 poetae
1833 3795 1987 3856 responso
2011 3772 2115 3838 audito
2231 3771 2232 3778 ’

306 3886 346 3928 ex
368 3866 468 3930 alteto
491 3867 616 3947 quaerit
637 3867 717 3947 quid
739 3866 886 3945 iudicet),
918 3853 1074 3947 nequev.
1045 3867 1187 3928 ι1442
1211 3865 1317 3928 versui
1342 3865 1424 3926 1461
1457 3865 1670 3947 (exspectares
1697 3885 1763 3928 non
1791 3859 1850 3944 oe
1878 3861 1941 3946 μὲν
1969 3855 2043 3928 olda
1990 3855 2114 3927 ised

305 3950 413 4035 ἔριά
437 3945 522 4033 οἶδα)
545 3956 626 4019 bene
649 3955 776 4019 adnecti
750 3962 915 4036 ttposse.
