4528 5818
889 377 1238 442 Ψ--χη..-

191 578 247 640 llun
267 569 358 662 αδιην
381 577 488 640 omitti
511 595 604 659 posse
628 578 678 640 vel
701 576 777 640 inde
801 576 946 657 colligas,
980 575 1067 657 quod
1090 576 1125 638 in
1148 595 1178 638 v.
1204 574 1268 640 606
1294 570 1355 659 (μη
1379 567 1530 655 μειάσχοι
1551 570 1605 660 σῆς
1626 570 1731 662 ιάχης)
1753 568 1849 640 αὐτοῦ
1871 578 1970 642 abest.

193 667 216 728 s
229 673 319 730 eutem
341 658 449 744 σάνάς,
480 666 567 747 qnod
590 673 639 730 est
661 685 760 747 germ.
786 685 843 728 aus
873 663 1000 746 eignem
1022 665 1189 741 Antriebe,
1220 684 1254 727 se
1288 671 1373 727 recte
1400 664 1512 739 habet,
1543 685 1749 745 nequaquam
1770 668 1889 730 mirum
1913 674 1970 745 est,

197 756 252 835 prod
270 765 355 836 poeta
378 749 478 840 αάιην
501 756 620 818 omisit.
668 755 835 818 Sententia
857 760 920 818 est:
954 754 1102 818 »Phidias
1126 775 1198 817 earn
1221 754 1366 830 inclusit,
1390 752 1525 816 Pericles
1548 761 1655 816 autem
1679 756 1782 818 effecit
1803 762 1841 819 ut
1862 756 1973 820 abdita

196 845 299 907 lateret«.
352 845 431 908 Post
466 865 496 908 ν.
532 843 597 908 605
639 864 723 908 unus
764 864 873 910 versus
913 845 997 908 mihi
1030 844 1158 908 videtur
1198 841 1370 919 excidisse,
1410 841 1451 905 ad
1485 862 1582 922 quem
1616 864 1644 906 v.
1676 844 1858 910 615-618
1892 845 1971 910 olim

195 935 362 1012 pertinebant.

313 1039 404 1104 Addo
431 1040 555 1121 aliquot
576 1041 662 1104 locos
685 1059 725 1103 ex
747 1041 868 1104 Ranis
891 1047 1046 1124 sumptos.

314 1147 428 1210 Primis
453 1147 598 1210 versibus
612 1146 774 1210 Xanthias
797 1145 961 1210 inducitur
983 1147 1117 1211 moleste
1140 1147 1255 1224 ferens,
1280 1146 1368 1228 quod
1392 1146 1549 1210 sarcinam
1572 1147 1653 1210 ferre
1676 1153 1816 1229 cogatur,
1840 1149 1869 1211 si
1891 1149 1972 1212 nihil

202 1253 274 1298 eorum
287 1237 381 1300 lacere
408 1236 473 1299 sibi
495 1237 599 1314 liceat,
624 1255 707 1316 quaa
722 1236 758 1298 in
772 1235 948 1316 Phrynichi
963 1236 1165 1316 aliorumque
1180 1236 1355 1300 comoediis
1371 1235 1473 1299 baiuli
1488 1236 1589 1298 facere
1605 1237 1735 1300 soleant.
1767 1237 1855 1302 Dicit
1870 1239 1969 1301 enim:

548 1365 578 1407 v.
605 1347 662 1407 12.
691 1343 724 1406 τί
744 1337 808 1429 δῆτ’
831 1342 898 1408 ἔδει
920 1365 962 1424 με
984 1338 1141 1424 τοῦνομὰ
1162 1338 1260 1429 σκεάη
1284 1344 1408 1426 φέρειν,

687 1429 781 1516 είιιερ
804 1428 930 1518 ποιήσοι
952 1432 1054 1542 μηδὲν
1076 1426 1182 1514 ὧνπερ
1206 1427 1367 1516 Φρύνιχος

690 1519 790 1586 εἴωθε
812 1528 922 1585 ποιεῖν
943 1543 999 1586 και
1021 1518 1127 1594 Λύκις
1149 1513 1328 1608 κάμειψίας

603 1612 655 1675 15.
687 1607 784 1696 σκεύη
808 1607 939 1696 φέρουσ’
962 1606 1098 1676 ἑκάστοτ’
1123 1609 1158 1676 ἐν
1180 1611 1339 1695 κωμῳδίᾳ.

192 1716 293 1780 Versum
317 1721 382 1796 15,
413 1739 615 1801 quamquam
644 1719 834 1783 scholiastae
857 1725 890 1783 et
912 1718 1029 1783 Suidae
1057 1727 1173 1782 notum
1195 1719 1264 1800 (cfr.
1290 1720 1386 1783 Arist.
1410 1721 1488 1782 Rau.
1513 1719 1600 1802 apud
1622 1719 1755 1782 Suidam
1782 1719 1836 1783 rel.
1861 1720 1969 1801 colleg.

192 1804 221 1865 G.
237 1805 390 1890 Bnenger),
424 1810 616 1872 recentiores
639 1808 709 1872 sine
731 1808 799 1871 ulla
821 1807 1022 1872 dubitatione
1045 1829 1086 1872 ex
1108 1827 1237 1872 versum
1264 1808 1376 1872 ordine
1398 1809 1559 1872 eiecerunt
1581 1808 1678 1890 idque
1701 1813 1798 1886 recte,
1826 1814 1863 1872 ut
1885 1829 1971 1872 nunc

195 1893 292 1971 quidem
316 1917 347 1961 se
368 1899 477 1962 habet.
524 1899 609 1961 Nam
634 1891 864 1983 oxevppoporic'
887 1897 938 1960 vel
961 1891 1056 1984 σκεάη
1080 1895 1210 1982 φέρονά
1236 1899 1284 1962 vel
1313 1893 1538 1982 σκευαφοροῧά
1567 1899 1660 1976 (haec
1689 1899 1799 1962 omnia
1825 1898 1861 1962 in
1887 1898 1970 1963 codi-

197 1981 259 2045 cibus
269 1985 492 2067 iuveniuntur),
509 1987 544 2050 id
559 1987 647 2068 quod
662 1987 833 2050 scholiasta
851 1986 995 2064 credidit,
1017 1987 1163 2051 dativum
1179 2007 1247 2050 esse
1263 1987 1359 2050 hodie
1374 2007 1469 2050 nemo
1485 1989 1605 2067 estqui
1624 1987 1785 2051 concedat.
1813 1987 1970 2052 Velssnns

197 2087 244 2132 rem
268 2075 407 2157 expedire
435 2077 497 2140 sibi
527 2075 667 2153 videtur,
704 2077 732 2138 si
766 2077 901 2140 scribat:
937 2070 1032 2161 σκεύη
1060 2072 1131 2139 ποτ’
1159 2071 1190 2139 εί
1218 2079 1372 2160 φέρουσιν
1399 2073 1433 2140 ἐν
1459 2077 1625 2161 κωμῳδία,
1656 2097 1720 2158 quo
1753 2096 1863 2140 versus
1896 2078 1970 2159 plus

200 2175 272 2238 aequo
290 2171 436 2230 mutatur.
474 2166 514 2229 ln
536 2166 599 2229 hoc
621 2171 741 2239 tamen,
766 2165 854 2246 quod
877 2185 950 2228 eum
974 2171 1091 2242 tuetur,
1115 2165 1251 2229 libenter
1273 2165 1313 2228 ad
1329 2165 1390 2229 viri
1408 2165 1617 2230 eruditissimi
1637 2166 1828 2230 sententiam
1844 2165 1968 2230 accedo.

201 2243 280 2327 Neque
304 2255 384 2316 enim
414 2275 540 2338 semper
568 2255 618 2317 illi
649 2254 763 2317 comici
785 2255 879 2332 talia,
911 2255 1020 2336 qualia
1045 2255 1115 2319 vult
1137 2255 1311 2332 Xanthias,
1345 2254 1518 2332 iaciebant,
1546 2255 1601 2318 sed
1630 2255 1759 2335 quando
1786 2255 1911 2318 baiulus
1933 2255 1969 2318 in

200 2351 294 2401 menam
316 2343 505 2422 prodeuntes
532 2343 738 2408 inducebant.
786 2343 990 2424 Quamquam
1015 2343 1096 2407 illud
1118 2344 1294 2425 permirum
1318 2351 1379 2421 eat,
1407 2343 1494 2424 quod
1516 2345 1673 2407 Xanthias
1700 2345 1788 2407 idem
1810 2365 1844 2407 se
1867 2344 1969 2408 iacere

202 2424 249 2486 vult
266 2431 335 2507 quod
349 2433 568 2540 Phrynichum
589 2434 768 2513 (expectesz
793 2434 881 2513 quod
895 2433 1020 2496 baiulos
1040 2455 1059 2498 a
1079 2433 1262 2514 Phrynicho
1282 2433 1475 2514 productos).
1512 2433 1604 2507 Quod
1623 2453 1698 2496 cum
1718 2434 1765 2497 ita
1779 2434 1830 2509 sit,
1854 2435 1968 2498 collato

204 2527 269 2576 versu
288 2520 358 2584 1048
391 2516 427 2606 (α’
449 2516 507 2605 γὰρ
531 2520 564 2594 ἐς
585 2518 639 2594 σάς
662 2513 829 2606 ἀλλοτρίας
851 2519 989 2602 ἐποίεις,
1021 2543 1118 2604 germ.
1144 2543 1208 2586 was
1236 2522 1281 2586 du
1304 2543 1367 2586 von
1393 2521 1533 2586 anderen
1560 2523 1737 2603 ersannest)
1764 2523 1969 2605 praetulerim

205 2592 227 2665 lt
245 2605 430 2696 σκευοφόρους
436 2635 448 2689 ,·
482 2619 658 2693 praeterea,
694 2633 735 2675 ne
763 2631 874 2675 versus
908 2613 1024 2676 misere
1057 2613 1222 2694 langueat,
1257 2611 1441 2675 traiectione
1475 2629 1554 2692 opus
1586 2617 1642 2674 est.
1694 2612 1813 2676 Oculus
1847 2613 1969 2676 librarii

206 2691 280 2754 neus
297 2701 376 2765 cuius
401 2703 442 2764 ab
465 2698 559 2783 εἴπερ
582 2701 675 2765 facile
698 2701 843 2764 aberrare
866 2707 991 2781 poterat
1013 2701 1054 2764 ad
1078 2697 1187 2765 εἴωθε.
1233 2701 1417 2782 Legendum
1440 2701 1623 2782 igiturest:

685 2808 720 2870 τί
740 2801 803 2892 δῆτ’
827 2807 893 2871 ἐδει
914 2829 957 2888 με
980 2803 1075 2871 andan
1090 2804 1133 2888 χά
1155 2803 1253 2896 σκεάη
1276 2810 1400 2891 φέρειν,

689 2893 783 2979 εἴπερ
807 2892 933 2982 ποιήσω
955 2894 1058 2983 μηδὲν
1079 2889 1186 2981 άιυιιερ
1210 2891 1368 2982 Φρύνιχος

687 2983 725 3058 ἐς
748 2979 1019 3071 σκευοφόρους
1040 2982 1176 3050 caunos*
1199 2985 1235 3050 ἐν
1256 2987 1408 3072 κωμῳδίᾳ

686 3073 786 3140 εἴωθε
808 3080 918 3139 ποιεῖν
940 3071 996 3139 καὶ
1018 3070 1122 3149 Λύκις
1143 3069 1339 3163 κάμειψίαςς

185 3175 347 3263 σκευοφόρος
370 3183 502 3248 fulcitur
524 3203 618 3248 versu
635 3183 709 3246 497.
732 3180 765 3254 ἐς
787 3179 1014 3266 σκευοφόρους,
1039 3191 1076 3248 ut
1091 3183 1192 3260 video,
1217 3185 1283 3248 iam
1298 3185 1453 3265 Bergkius
1476 3185 1619 3262 coniecit,
1644 3185 1701 3266 qui
1716 3190 1824 3248 tamen
1841 3203 1967 3248 versum

187 3265 365 3334 subditicium
391 3293 460 3342 esse
483 3274 647 3347 censebat,
672 3267 890 3359 οκευηφόρους
912 3273 963 3336 vel
985 3267 1057 3344 σοὺς
1080 3268 1295 3358 σκευοφόρους
1318 3275 1509 3338 Fritaschius
1532 3275 1777 3338 commendavit.

315 3379 404 3441 Ran.
438 3380 552 3442 1026:
592 3381 784 3461 Aeschylus,
819 3385 992 3460 postquam
1027 3399 1061 3443 se
1095 3380 1206 3443 fabula
1240 3399 1322 3460 quae
1356 3387 1404 3442 est
1432 3379 1562 3460 Septem
1596 3380 1637 3443 ad
1669 3379 1794 3442 Thebas
1827 3381 1968 3446 narravit

187 3455 365 3531 Athenienses
389 3468 566 3532 reddidisse
588 3469 765 3546 bellicosos,
789 3469 894 3551 pergit
915 3470 973 3532 ita:

580 3564 649 3637 εἶτα
672 3569 799 3648 διδάξας
822 3577 949 3658 Πέρσας
971 3569 1051 3654 μετὰ
1072 3569 1152 3638 τοῦτ’
1176 3571 1352 3655 ἐπιθυμοῦν
1374 3571 1538 3648 ἐξεδίδαξα

579 3658 672 3726 νικᾶν
693 3655 747 3727 dei
767 3659 840 3736 τοὺς
862 3657 1067 3742 ἆνοιπάλους,
1089 3659 1251 3750 κοσμήσας
1273 3663 1364 3747 ἐρχον
1386 3657 1522 3748 άρισιαν.

185 3741 224 3806 dd
240 3747 306 3814 haec
329 3752 505 3832 Dionysus:

497 3861 526 3904 v.
554 3843 654 3904 1028:
683 3837 803 3927 ἐχάρην
825 3836 913 3921 γοῦν,
936 3835 1018 3928 ἡνίκ’
1043 3837 1162 3928 ἤκουσα
1185 3837 1263 3926 περὶ
1285 3842 1425 3926 Δαρείου
1446 3837 1623 3913 τεθνεῶτος.

176 3937 210 4002 Ia
231 3943 281 4010 hac
306 3949 461 4012 librorum
493 3948 663 4028 scriptura,
694 3949 877 4012 foedissime
900 3955 1062 4031 corrupta,
1094 3970 1134 4012 ex
1161 3950 1292 4014 scholiis
1320 3955 1452 4033 apparet
1478 3951 1541 4012 iem
1570 3949 1719 4029 antiquos
1747 3949 1901 4026 haesisse,
1929 3955 1967 4013 ut

174 4029 345 4114 Didymum,
376 4057 418 4100 ex
440 4038 532 4102 cuius
559 4037 765 4101 adnotatione
789 4031 851 4124 (ὅτι
874 4031 912 4102 σά
936 4041 1120 4122 περιέχουσι
1141 4033 1282 4103 θάνατον
1304 4039 1444 4123 Δαρείου
1466 4039 1502 4102 οἱ
1523 4041 1645 4122 Πέρσαι
1667 4033 1701 4100 τὸ
1724 4033 1842 4124 δρᾶμα)
1866 4040 1965 4102 mani·

174 4119 241 4187 sesto
261 4127 360 4191 elucet
384 4128 452 4189 iam
468 4132 545 4190 'tum
567 4127 648 4210 περί
667 4129 787 4191 lectum
810 4147 887 4204 esse,
912 4127 1056 4191 sednon
1080 4129 1288 4192 intellectum.
1328 4130 1444 4191 Totum
1467 4129 1610 4192 scholion
1633 4128 1810 4192 describere
1833 4147 1899 4190 non
1918 4135 1967 4192 est

174 4229 252 4290 opus;
283 4216 391 4298 potins
423 4215 604 4295 videamus,
641 4216 720 4297 quid
746 4217 936 4280 recentiores
963 4216 1116 4280 iudicent.
1168 4219 1311 4292 Quorum
1340 4217 1524 4280 Dindorfins
1555 4218 1618 4298 legi
1645 4217 1715 4280 vult
1742 4209 1835 4301 ἡνίκα
1864 4211 1965 4299 φάσμ’

173 4295 262 4403 ἐμάνη
282 4305 422 4388 Δαρείου
444 4300 510 4383 νοῦ,
533 4305 714 4369 Meinekius
738 4306 917 4385 (insolitam
939 4307 1058 4369 tmesin
1082 4307 1238 4385 statuens)
1260 4301 1345 4392 ἡνίκ’
1372 4301 1424 4370 ίαν
1446 4301 1553 4388 ἤκουον’
1576 4299 1642 4370 άπὸ
1663 4306 1812 4388 Δαρείου,
1836 4305 1966 4370 Pemice

170 4411 205 4461 ως
223 4393 310 4480 νίκην
332 4391 443 4481 spraud
467 4391 518 4472 ἐκ,
546 4395 774 4458 Bachmannus
798 4395 962 4474 (lacunam
984 4397 1045 4458 hoc
1068 4397 1138 4460 loco
1161 4397 1342 4476 suspicans)
1364 4388 1439 4480 ηνίκ
1456 4391 1568 4460 'hrono'
1592 4390 1699 4480 ip'xooc'
1723 4440 1782 4459 ...
1806 4390 1894 4478 παρὰ
1915 4398 1964 4474 Δ.,

164 4479 349 4548 Frilaschius
371 4477 409 4569 νῇ
430 4481 492 4546 νίκ’
516 4476 655 4558 άχοάσας
677 4477 766 4566 παρά
786 4485 837 4547 vel
858 4479 986 4569 νικῆσαι
1010 4480 1138 4557 ’κου’σας
1160 4481 1262 4568 παρά,
1286 4485 1429 4549 Kockius
1453 4480 1580 4570 ἐχάρην,
1604 4481 1680 4566 χόον
1701 4477 1742 4556 ὥς
1763 4477 1871 4570 ἥκουσί
1892 4480 1965 4548 olori

158 4573 241 4653 πέρι.
277 4573 367 4637 Certe
390 4573 471 4656 περί
490 4573 540 4636 vel
562 4576 638 4655 πέρι
660 4573 863 4638 retinendum
887 4579 935 4637 est
955 4573 1053 4654 idque
1073 4580 1147 4638 ante
1163 4575 1312 4660 Δαρείου.
1351 4575 1455 4648 Quare
1476 4594 1516 4636 ne
1533 4575 1668 4638 Velseno
1684 4573 1826 4654 quidem,
1847 4575 1964 4655 legenti

158 4655 233 4744 περὶ
261 4661 352 4748 νίκης
379 4684 410 4725 τι
436 4657 552 4742 μαθὼν
578 4657 666 4745 παρὰ
688 4663 843 4745 Δαρείου,
871 4663 1035 4725 assentior.
1086 4665 1131 4728 Ut
1158 4664 1297 4727 eundem
1325 4664 1492 4727 verborum
1521 4663 1680 4738 ordinem,
1712 4683 1809 4744 quem
1836 4665 1965 4742 vulgata

161 4751 296 4828 praebet,
321 4752 483 4833 simulque
506 4754 581 4834 περι
604 4771 841 4828 conservemus,
866 4757 923 4814 aut
945 4746 1064 4836 ἐχάρην
1085 4747 1161 4833 χοῦν
1185 4747 1222 4834 δέ,
1246 4753 1337 4839 νίκης
1358 4775 1388 4815 τι
1409 4747 1525 4833 meas
1548 4754 1623 4835 πέρι
1637 4753 1777 4836 Δαρείου
1794 4748 1964 4824 τεθνεῶτος

162 4837 360 4902 scribendum
383 4847 440 4916 est,
464 4847 521 4904 aut
543 4841 576 4904 id
601 4840 689 4922 quod
711 4841 866 4904 maiorem
889 4841 1148 4923 probabilitatem
1172 4843 1290 4906 habere
1313 4841 1447 4918 videtur,

533 4933 651 5023 ἐχάρην
673 4933 749 5017 χοῦν
771 4939 880 5026 νίκης
903 4933 945 5002 δέ
970 4935 1122 5011 ’κου’σας
1145 4943 1236 5023 πέρι
1258 4939 1397 5023 Δαρείου
1418 4933 1587 5010 τεθνεῶτος

158 5031 360 5113 Significatur
382 5036 501 5100 scilicet
523 5038 656 5100 victoria
678 5037 884 5114 Plataeensis‚
916 5038 955 5100 de
979 5038 1100 5118 quain
1128 5039 1266 5102 ›Persis‹
1293 5039 1414 5101 Dareus
1437 5043 1544 5119 aperte
1565 5037 1717 5117 loquitur.
1763 5038 1964 5118 Anastrophe

154 5129 265 5187 autem
289 5123 321 5185 in
345 5125 523 5188 coniectura
546 5147 618 5189 mea
640 5125 722 5190 bene
745 5147 778 5190 se
802 5127 913 5204 habet,
945 5147 1019 5190 cnm
1043 5128 1123 5211 περί
1143 5133 1217 5190 ante
1240 5127 1330 5213 νίκης
1352 5129 1429 5208 poni
1452 5147 1517 5191 non
1539 5128 1654 5208 possit;
1679 5126 1714 5189 in
1737 5131 1851 5207 quarto
1875 5127 1963 5189 eninr
