4528 5818
885 415 1275 478 -15—.

144 613 191 678 Sic
214 613 448 695 intellegimus,
476 632 533 678 cur
555 612 726 678 scholiasta
748 605 860 696 ἐχρῆν,
888 578 975 694 quod
998 632 1038 674 ex
1061 633 1090 676 v.
1118 613 1202 676 1028
1226 611 1320 676 facile
1343 610 1447 674 audiri
1476 616 1594 692 potest,
1623 611 1755 686 deficere
1778 610 1957 675 arbitretur.

144 705 311 768 Sententia
333 711 393 768 est:
423 710 507 781 saut,
531 705 559 766 si
583 704 687 767 iustus
710 709 767 774 est,
792 702 876 764 nihil
899 703 976 766 boni
999 723 1018 764 a
1040 722 1093 764 me
1115 703 1259 778 retinere,
1284 701 1341 765 sed
1365 702 1474 764 omnia
1496 701 1627 764 reddere
1650 701 1776 764 debet«-

305 829 393 893 Duos
415 829 501 892 locos
525 829 678 909 depromo
701 848 741 890 ex
766 827 1091 890 Acharnensibus.

544 957 573 998 v.
599 937 651 998 21.
681 931 763 998 οἶδ’
788 933 823 998 ἐν
845 925 945 1018 ἀγορᾷ
966 929 1108 1011 λαλοῦσι,
1132 928 1217 998 κάνω
1239 929 1294 997 καὶ
1316 929 1398 998 κάτω

677 1020 713 1088 τὸ
734 1024 877 1103 σχοινίον
899 1018 1052 1104 φεύγουσι
1075 1019 1108 1087 τὸ
1131 1023 1382 1104 μεμιλτωμένον·

677 1105 743 1178 οῦδ
768 1113 803 1177 οἱ
824 1109 992 1268 πρυτάνεις
1014 1106 1154 1198 ἥκουσιν,
1179 1107 1248 1176 ἀλλ’
1273 1107 1395 1196 ἀωρίαν

676 1197 815 1281 ῦκοντες,
839 1223 908 1268 am
931 1199 957 1268 δ’
981 1194 1163 1266 ὠστιοῦνται
1186 1197 1253 1274 πῶς
1276 1202 1380 1273 δοκεῖς

594 1294 646 1356 25.
676 1287 823 1364 ἐλθόντες
846 1287 1015 1378 ἀλλήλοισι
1039 1288 1115 1376 περὶ
1138 1288 1266 1375 πρώτου
1289 1288 1398 1368 ξύλου,

679 1377 777 1466 ἅθροι
798 1385 1030 1467 καταρρέοντες.

143 1491 371 1556 Bachmannus
398 1495 485 1556 hunc
512 1493 618 1556 locum
647 1498 799 1572 quattuor
825 1491 1014 1554 coniecturis
1042 1509 1154 1552 sanare
1176 1495 1309 1554 conatus
1337 1495 1398 1566 est,
1429 1490 1611 1571 exquibus
1638 1510 1704 1554 una
1726 1489 1807 1552 mihi
1832 1490 1958 1564 arridet,

146 1571 204 1643 εἶθ’
226 1577 286 1646 olii*
313 1603 372 1664 pro
395 1573 463 1645 εἶτα
486 1579 526 1659 δ’,
557 1583 743 1664 praesertim
767 1601 842 1644 cum
865 1580 980 1642 Suidas
1004 1581 1082 1642 haec
1110 1580 1273 1661 praebeat:
1303 1576 1361 1644 ολδ
1384 1571 1566 1642 ὠστιοῦνται
1590 1574 1656 1650 πῶς
1679 1578 1783 1650 δοκεῖς
1806 1574 1960 1662 περὶτοῦ

146 1665 268 1752 ιτροίτοο
292 1667 402 1745 ξύλον.
441 1673 550 1735 Minus
574 1681 682 1734 autem
698 1671 781 1734 mibi
805 1671 919 1752 placet,
944 1669 1030 1749 quod
1054 1687 1111 1748 pro
1134 1663 1285 1740 ἐλθόντες
1308 1671 1350 1748 (ν.
1371 1670 1436 1748 25.)
1460 1669 1557 1732 scribi
1581 1669 1649 1732 vult
1672 1666 1815 1740 ἕλκοντες
1838 1677 1870 1732 ct
1894 1689 1960 1750 par·

144 1761 251 1842 ticipia
273 1761 325 1825 ita
346 1763 466 1838 traicit,
496 1769 535 1824 ut
556 1782 584 1822 v.
612 1763 663 1822 24.
688 1754 852 1836 ἐλθόντες,
882 1779 911 1822 v.
938 1760 988 1821 25.
1014 1755 1157 1828 ἕλκοντες
1185 1758 1405 1839 recipiendum
1438 1765 1573 1822 censeat.
1621 1759 1729 1822 Minus
1757 1760 1855 1821 etiam
1879 1759 1961 1820 mihi

144 1850 296 1929 probatur
320 1851 407 1930 quod
430 1851 466 1914 0.
491 1849 704 1914 Schneiderus
727 1849 876 1924 coniecit,
905 1847 1049 1924 ἐθοντες,
1074 1847 1284 1910 Homericum
1308 1849 1509 1912 vocabulum.
1557 1848 1631 1910 Sine
1661 1847 1760 1910 dubio
1788 1849 1961 1927 legendum

145 1947 200 2000 est:
229 1937 437 2012 ἐθέλοντες
460 1942 491 2002 h.
516 1961 542 2002 e.
568 1960 665 2020 germ.
691 1959 749 2002 aus
773 1939 872 2001 freien
896 1937 1050 2012 Stiiclren,
1075 1937 1162 2017 quod
1186 1938 1320 2000 verbnm
1344 1938 1512 2020 aptissime
1535 1937 1720 2019 oppositum
1744 1945 1792 2000 est
1815 1938 1961 2000 versibus

149 2029 182 2089 21
206 2035 236 2091 et
261 2031 319 2091 22.
367 2031 532 2094 Praeterea
556 2051 583 2091 v.
611 2031 662 2091 24.
687 2049 746 2112 pro
768 2019 896 2112 ἥκοντες
919 2025 1109 2090 coniecerim
1132 2019 1271 2112 ἥξουσιν.
1317 2027 1374 2091 cir.
1399 2027 1531 2108 Lysistr.
1559 2028 1698 2090 15-16.

301 2156 466 2218 Acharn.
493 2157 582 2218 410:
608 2155 705 2218 Poeta
720 2151 910 2234 Euripidem
933 2158 1101 2232 tamquam
1124 2151 1375 2216 claudicantium
1392 2152 1533 2216 lictorem
1550 2161 1582 2216 et
1598 2147 1799 2231 πτωχοποιὸν
1821 2151 1959 2214 deridet:

487 2263 636 2344 Dicaeop.
663 2253 835 2344 Εὐριπίδη.
875 2259 986 2340 Eurip.
1010 2259 1043 2320 τί
1063 2257 1197 2330 λέλακας
1204 2283 1217 2336 ,·
1255 2260 1321 2322 Dic.
1347 2253 1509 2345 ἀναβάδην
1532 2265 1649 2334 ποιεῖς,

486 2347 559 2426 ἐξὸν
580 2345 761 2452 καταβάδην
768 2373 779 2428 ,·
802 2341 860 2412 οῦκ
883 2343 950 2420 ἐτὸς
973 2343 1093 2426 χωλοῦς
1116 2355 1231 2420 ποιεῖς.

381 2443 455 2506 412.
489 2435 567 2522 ἀτὰρ
589 2441 623 2504 τί
642 2436 679 2504 τὰ
701 2433 784 2524 ρἀκί
809 2437 844 2502 ἐκ
866 2437 1037 2521 τραγῳδίας
1059 2437 1153 2517 ἐχεις,

485 2525 592 2616 ἐσθῆτ’
616 2523 742 2616 ἐλεινήν
748 2553 760 2606 ,·
783 2521 841 2592 οῦκ
864 2523 931 2599 ἐτὸς
954 2523 1096 2606 πτωχοὺς
1118 2533 1235 2600 ποιεῖς.

145 2635 242 2700 Versu
258 2641 328 2700 412
353 2640 585 2702 sententiarum
609 2638 689 2702 ratio
713 2655 842 2718 prorsus
865 2636 1064 2716 pervertitur.
1104 2633 1238 2698 Duabus
1261 2635 1348 2698 enim
1371 2633 1412 2698 de
1435 2636 1540 2698 causis
1556 2635 1756 2716 Dicaeopolis
1774 2635 1960 2716 Euripidem

143 2725 316 2808 vituperat,
346 2749 483 2808 quarum
511 2749 577 2791 una
599 2733 662 2802 est,
695 2725 782 2806 quod
805 2719 978 2810 ἀναβάδην,
1008 2725 1120 2799 altera,
1151 2723 1237 2804 quod
1260 2725 1376 2806 pannis
1400 2725 1534 2788 indutus
1557 2725 1682 2789 fabulas
1711 2734 1897 2806 componat,
1926 2723 1961 2786 ἐκ

148 2817 313 2898 τραγῳδίας
342 2819 441 2898 igitur
471 2819 546 2880 ferri
573 2837 640 2880 non
666 2821 779 2897 potest.
832 2814 926 2888 Quod
957 2833 1031 2876 oum
1058 2814 1104 2877 ito
1138 2814 1194 2889 sit,
1229 2813 1456 2876 Bachmannus
1484 2815 1524 2878 iis
1554 2835 1634 2894 quas
1669 2816 1725 2878 alii
1760 2815 1961 2896 protulerunt

149 2905 335 2970 coniecturis
359 2907 473 2970 merito
496 2907 620 2970 reiectis
647 2903 865 2968 commendat:
897 2895 973 2986 ἀτὰρ
1001 2902 1034 2964 τί
1059 2897 1141 2985 ὁρῶς
1166 2902 1341 2986 τραγῳδίαν
1368 2909 1475 2975 ποιεῖς
1507 2904 1587 2982 έχων
1614 2899 1720 2991 ἐσθῆτ’
1744 2899 1870 2989 ἐλεινήν
1896 2903 1959 2966 κτλ.

149 2992 207 3055 Sed
230 2995 365 3060 sortasse
389 3003 491 3074 amnt,
516 2997 634 3076 quibus
657 2995 834 3076 simplicior
858 2994 994 3055 mutatio
1017 2993 1182 3074 probetur:

675 3094 750 3184 ἀτὰρ
773 3100 806 3164 τί
825 3095 861 3162 τὰ
884 3093 1000 3183 ῥάκι’,·
1023 3086 1042 3182 ἦ
1067 3093 1127 3162 ’πὶ
1149 3099 1376 3184 τραγῳδίαις
1399 3099 1482 3179 ἔχεις

677 3185 783 3274 ἐσθῆτ’
807 3185 951 3274 ἐλεανὴνς

150 3295 178 3356 h.
201 3318 226 3360 e.
254 3299 362 3376 »Quid
385 3319 458 3364 vero
481 3299 607 3381 panni?
631 3305 708 3362 tune
732 3298 773 3361 ad
796 3297 974 3379 tragoedias
998 3296 1235 3380 componendas
1256 3305 1343 3362 veste
1366 3299 1544 3362 miserabili
1567 3299 1701 3362 indutus
1721 3301 1797 3362 esi«

301 3425 354 3488 Ex
377 3425 512 3505 Vespis
534 3444 637 3487 unum
660 3425 766 3486 locum
791 3443 892 3486 sumo.
933 3423 973 3484 In
997 3423 1146 3504 parabasi
1167 3423 1281 3502 (1017)
1301 3425 1500 3506 coryphaeus
1523 3425 1563 3488 de
1586 3431 1680 3506 poeta
1704 3426 1795 3488 haec:
1826 3427 1960 3503 »Prim0,

151 3511 259 3592 inquit,
283 3515 421 3578 aliorum
446 3514 578 3577 nomine
601 3513 727 3576 labrrlas
750 3513 850 3589 dedit,
875 3520 987 3594 postea
1010 3518 1118 3575 autem
1140 3513 1210 3594 ipss
1233 3513 1332 3576 subiit
1355 3514 1546 3596 periculum,

517 3614 574 3684 οῦκ
597 3613 772 3702 ἀλλοτρίων
795 3611 864 3684 ἀλλ’
888 3614 1017 3682 οἰκείων
1040 3615 1182 3683 Μοοσῦν
1204 3615 1340 3700 στόμαθ’
1363 3613 1542 3706 ἦνινχίμας.

516 3703 629 3790 ἀρθεὶς
653 3708 687 3774 δέ
709 3713 806 3790 μέγας
827 3704 882 3771 καὶ
904 3703 1053 3794 τιμηθεὶς
1075 3702 1117 3780 οῦς
1139 3701 1245 3780 οὐδεὶς
1268 3705 1391 3774 πώποτ’
1415 3709 1451 3774 ἐν
1473 3704 1562 3791 ῦμῖν,

388 3801 482 3863 1024.
512 3795 570 3863 οὐκ
592 3797 752 3864 ἐκτελέσαι
774 3793 875 3884 φησὶν
898 3793 1053 3882 ἐπαρθεὶς
1076 3790 1143 3861 οῦδ
1166 3793 1300 3878 ὀγκῶσαι
1322 3799 1357 3863 τὸ
1379 3795 1543 3887 φρόνημα,
1565 3799 1630 3865 κτλ.

155 3905 281 3969 Versum
307 3909 409 3971 1024
440 3929 506 3972 non
537 3913 620 3970 recte
647 3907 841 3988 explicatum
871 3925 940 3969 esse
963 3927 982 3968 a
1009 3906 1181 3970 scholiasta
1204 3905 1358 3986 (imber
1382 3905 1563 3991 ἐπαρθέντα
1592 3928 1659 3970 esse
1682 3907 1769 3970 idem
1793 3909 1879 3988 quod
1903 3905 1960 3972 ἐπὶ

151 3995 236 4066 τέλος
256 3995 388 4076 ἐλθεῖν),
414 3998 580 4060 Dindorlio
601 3997 684 4075 (esse
707 3997 794 4060 idem
818 3995 905 4076 quod
928 3995 1085 4059 διατελεῖν
1107 3994 1311 4078 ἐπαρθέντα),
1335 3997 1486 4061 Richtero
1503 3998 1556 4076 (ad
1573 3995 1730 4061 ἐκτελέσαι
1747 3999 1850 4060 audiri
1866 4019 1960 4080 posse

150 4081 204 4190 cip
225 4088 353 4173 ποίησιν
375 4087 425 4150 vel
448 4107 504 4173 την
527 4082 620 4161 δόξαν
642 4087 694 4150 vel
716 4080 750 4149 τὺ
773 4079 937 4171 φρόνημα)
961 4085 1192 4150 demonstravit
1212 4087 1249 4149 Ο.
1266 4086 1486 4150 Schneiderus.
1526 4087 1587 4150 Sed
1611 4087 1697 4168 quod
1720 4088 1789 4168 ipse
1812 4089 1956 4162 coniecit,

153 4195 207 4237 ονκ
231 4169 387 4242 adultam
414 4177 514 4264 φησίν
542 4177 575 4239 h.
605 4197 631 4240 e.
665 4176 763 4239 »dicit
794 4195 827 4238 se
857 4196 923 4238 non
954 4175 1043 4256 parvi
1074 4175 1265 4258 pependisse
1292 4171 1327 4240 τὸ
1354 4171 1574 4261 ἐπαρθῆναιτ,
1610 4177 1643 4240 id
1678 4197 1744 4240 non
1779 4178 1882 4240 solum
1917 4177 1960 4239 ab

159 4263 324 4330 amarum
343 4267 496 4348 loquendi
516 4286 577 4329 usu
600 4267 757 4342 abhorret,
782 4285 893 4329 verum
917 4265 1015 4328 etiam
1039 4265 1078 4341 ei,
1103 4287 1186 4348 quae
1202 4267 1381 4330 necessaria
1396 4271 1453 4342 est,
1478 4267 1654 4330 sententiae
1670 4275 1834 4350 repugnat.
1870 4267 1960 4329 Prior

160 4351 242 4414 enim
261 4375 365 4420 versus
388 4376 462 4438 pars
485 4357 554 4420 sine
578 4355 677 4419 dubio
700 4355 786 4418 idem
810 4355 876 4418 fere
899 4355 1059 4434 significat
1081 4375 1119 4419 ac
1141 4357 1303 4436 posterior.
1351 4355 1562 4419 Scribendum
1586 4377 1744 4438 propono:

491 4455 549 4526 οῦκ
572 4451 791 4534 sicelides
813 4455 913 4548 φησίν
936 4459 953 4525 ἐ
961 4457 1126 4548 παρθῆν’
1149 4456 1216 4526 οὐδ’
1241 4455 1376 4543 ὀγκῶσαι
1397 4456 1433 4524 τὸ
1455 4458 1617 4550 φρόνημα.

156 4551 194 4626 τῦ
215 4566 333 4642 τελέσας
352 4592 395 4636 sc.
411 4566 447 4634 τὸ
465 4566 594 4635 οἰκείαν
617 4565 757 4634 Μουσῶν
776 4564 915 4649 στόματα
938 4561 1089 4654 ἡνιοχεῖν.
1133 4571 1254 4650 »Negat
1273 4589 1316 4647 se,
1341 4570 1418 4652 quia
1438 4569 1617 4634 secundum
1632 4570 1781 4634 habuerit
1795 4576 1957 4646 eventum,

155 4653 302 4721 inflatum
322 4681 447 4724 esseae
470 4661 612 4724 tumidos
635 4661 768 4744 spiritus
791 4659 998 4742 sumpsisse«.

312 4785 446 4850 'lianseo
469 4785 510 4850 ad
533 4785 675 4850 Pacem.

518 4913 547 4956 v.
573 4894 623 4956 64.
653 4887 734 4956 τοῦτ’
758 4891 822 4958 ἐστι
843 4887 929 4958 τουτὶ
951 4885 987 4956 τό
1009 4887 1106 4957 κακον
1128 4886 1204 4958 αὕθ’
1227 4887 1318 4974 οῦγώ’
1342 4893 1444 4975 λογον·

648 4977 763 5067 τὸγὰρ
787 4978 987 5067 παράδειγμα
1009 4977 1069 5046 τῶν
1091 4979 1214 5062 μανιῶν
1236 4976 1376 5048 ἀκούετε.

161 5101 189 5146 v·
216 5081 266 5146 65.
288 5089 445 5167 articulus,
474 5091 529 5172 qui
552 5091 634 5154 mibi
658 5092 723 5154 iam
747 5091 803 5154 diu
827 5091 1006 5172 displicuit,
1035 5111 1120 5155 nunc
1143 5094 1184 5154 ab
1208 5093 1421 5157 Herwerdeno
1444 5113 1571 5173 quoque
1595 5092 1803 5174 improbatur.
1849 5092 1958 5156 Scribe

157 5165 243 5236 τάδε
263 5171 330 5259 γάρ,
351 5179 435 5259 quod
457 5182 592 5264 (praeter
615 5181 692 5262 alia)
716 5181 770 5244 ille
793 5201 921 5262 quoque
943 5181 1070 5262 profert.
1115 5181 1171 5244 cfr.
1192 5183 1340 5266 Aeschyl.
1364 5185 1422 5264 Ag.
1445 5183 1509 5246 493
1534 5177 1657 5268 (κήρυκ’
1681 5175 1736 5246 ἀπ
1760 5174 1853 5268 ἀκτῆς
1875 5177 1956 5248 τόνδ’
