<?xml version="1.0" encoding="UTF-8"?>
<!DOCTYPE html PUBLIC "-//W3C//DTD XHTML 1.0 Transitional//EN"
    "http://www.w3.org/TR/xhtml1/DTD/xhtml1-transitional.dtd">
<html xmlns="http://www.w3.org/1999/xhtml" xml:lang="en" lang="en">
 <head>
  <title>
</title>
<meta http-equiv="Content-Type" content="text/html;charset=utf-8" />
  <meta name='ocr-system' content='tesseract 3.04.00' />
  <meta name='ocr-capabilities' content='ocr_page ocr_carea ocr_par ocr_line ocrx_word'/>
</head>
<body>
  <div class='ocr_page' id='page_1' title='image "./observationescr00schegoog_0014.png"; bbox 0 0 4528 5818; ppageno 0'>
   <div class='ocr_carea' id='block_1_1' title="bbox 894 411 1214 480">
    <p class='ocr_par' dir='ltr' id='par_1_1' title="bbox 894 411 1214 480">
     <span class='ocr_line' id='line_1_1' title="bbox 894 411 1214 480; baseline 0.006 -20"><span class='ocrx_word' id='word_1_1' title='bbox 894 411 1214 480; x_wconf 66' lang='grc' dir='ltr'><em>-.,ῃ.....</em></span> 
     </span>
    </p>
   </div>
   <div class='ocr_carea' id='block_1_2' title="bbox 139 604 1961 1407">
    <p class='ocr_par' dir='ltr' id='par_1_2' title="bbox 139 604 1961 1407">
     <span class='ocr_line' id='line_1_2' title="bbox 679 604 1455 698; baseline 0.01 -18"><span class='ocrx_word' id='word_1_2' title='bbox 679 604 738 680; x_wconf 79' lang='grc' dir='ltr'><em>κού</em></span> <span class='ocrx_word' id='word_1_3' title='bbox 759 607 850 679; x_wconf 78' lang='lat' dir='ltr'><strong>rorico</strong></span> <span class='ocrx_word' id='word_1_4' title='bbox 872 612 973 681; x_wconf 80' lang='grc' dir='ltr'><strong><em>λυπεῖ</em></strong></span> <span class='ocrx_word' id='word_1_5' title='bbox 992 611 1038 696; x_wconf 90' lang='grc' dir='ltr'><em>μ’,</em></span> <span class='ocrx_word' id='word_1_6' title='bbox 1061 607 1144 681; x_wconf 73' lang='grc' dir='ltr'><em>ἀλλὰ</em></span> <span class='ocrx_word' id='word_1_7' title='bbox 1163 609 1219 680; x_wconf 76' lang='grc' dir='ltr'><em>καὶ</em></span> <span class='ocrx_word' id='word_1_8' title='bbox 1239 609 1293 686; x_wconf 71' lang='grc' dir='ltr'><strong>νὰς</strong></span> <span class='ocrx_word' id='word_1_9' title='bbox 1315 607 1455 698; x_wconf 72' lang='grc' dir='ltr'><em>ἐμβάδας</em></span> 
     </span>
     <span class='ocr_line' id='line_1_3' title="bbox 680 695 1441 790; baseline -0.004 -20"><span class='ocrx_word' id='word_1_10' title='bbox 680 699 785 770; x_wconf 74' lang='grc' dir='ltr'><em>ποθῶ·</em></span> <span class='ocrx_word' id='word_1_11' title='bbox 805 705 917 790; x_wconf 81' lang='grc' dir='ltr'><em>λαβεῖν</em></span> <span class='ocrx_word' id='word_1_12' title='bbox 938 701 964 786; x_wconf 80' lang='grc' dir='ltr'><em>γ’</em></span> <span class='ocrx_word' id='word_1_13' title='bbox 988 695 1082 777; x_wconf 82' lang='grc' dir='ltr'><em>αύαὰς</em></span> <span class='ocrx_word' id='word_1_14' title='bbox 1104 700 1266 790; x_wconf 75' lang='grc' dir='ltr'><strong>ἐδυνάμην</strong></span> <span class='ocrx_word' id='word_1_15' title='bbox 1287 695 1441 784; x_wconf 75' lang='grc' dir='ltr'><strong>οὐδαμοῦ,</strong></span> 
     </span>
     <span class='ocr_line' id='line_1_4' title="bbox 139 815 1960 902; baseline 0 -18"><span class='ocrx_word' id='word_1_16' title='bbox 139 823 173 885; x_wconf 88' lang='lat' dir='ltr'><strong>in</strong></span> <span class='ocrx_word' id='word_1_17' title='bbox 195 821 255 885; x_wconf 85' lang='lat' dir='ltr'><strong>his</strong></span> <span class='ocrx_word' id='word_1_18' title='bbox 279 820 363 885; x_wconf 93' lang='lat' dir='ltr'><strong>mihi</strong></span> <span class='ocrx_word' id='word_1_19' title='bbox 387 820 518 902; x_wconf 89' lang='lat' dir='ltr'><strong>quidem</strong></span> <span class='ocrx_word' id='word_1_20' title='bbox 541 841 607 885; x_wconf 88' lang='lat' dir='ltr'><strong>non</strong></span> <span class='ocrx_word' id='word_1_21' title='bbox 629 821 708 886; x_wconf 83' lang='lat' dir='ltr'><strong>satis</strong></span> <span class='ocrx_word' id='word_1_22' title='bbox 727 820 925 886; x_wconf 79' lang='lat' dir='ltr'><strong>considerate</strong></span> <span class='ocrx_word' id='word_1_23' title='bbox 946 821 1072 887; x_wconf 87' lang='lat' dir='ltr'><strong>videtur</strong></span> <span class='ocrx_word' id='word_1_24' title='bbox 1094 821 1215 885; x_wconf 84' lang='lat' dir='ltr'><strong>iecisse.</strong></span> <span class='ocrx_word' id='word_1_25' title='bbox 1255 821 1340 896; x_wconf 84' lang='lat' dir='ltr'>Quid</span> <span class='ocrx_word' id='word_1_26' title='bbox 1356 821 1469 884; x_wconf 80' lang='lat' dir='ltr'><strong>enim?</strong></span> <span class='ocrx_word' id='word_1_27' title='bbox 1492 842 1546 898; x_wconf 87' lang='grc' dir='ltr'><strong>πο,</strong></span> <span class='ocrx_word' id='word_1_28' title='bbox 1569 841 1609 884; x_wconf 85' lang='lat' dir='ltr'><strong>ex</strong></span> <span class='ocrx_word' id='word_1_29' title='bbox 1625 815 1719 885; x_wconf 83' lang='grc' dir='ltr'><em>ποθῶ</em></span> <span class='ocrx_word' id='word_1_30' title='bbox 1739 827 1856 898; x_wconf 88' lang='lat' dir='ltr'><strong>ortum,</strong></span> <span class='ocrx_word' id='word_1_31' title='bbox 1880 841 1960 884; x_wconf 89' lang='lat' dir='ltr'><strong>num</strong></span> 
     </span>
     <span class='ocr_line' id='line_1_5' title="bbox 140 905 1723 992; baseline -0.001 -18"><span class='ocrx_word' id='word_1_32' title='bbox 140 917 213 992; x_wconf 91' lang='lat' dir='ltr'><strong>post</strong></span> <span class='ocrx_word' id='word_1_33' title='bbox 236 905 331 974; x_wconf 75' lang='grc' dir='ltr'><em>τούτο</em></span> <span class='ocrx_word' id='word_1_34' title='bbox 353 911 509 975; x_wconf 84' lang='lat' dir='ltr'><strong>insertum</strong></span> <span class='ocrx_word' id='word_1_35' title='bbox 532 909 725 976; x_wconf 78' lang='lat' dir='ltr'><strong>credemus?</strong></span> <span class='ocrx_word' id='word_1_36' title='bbox 762 911 837 975; x_wconf 84' lang='lat' dir='ltr'><strong>Sine</strong></span> <span class='ocrx_word' id='word_1_37' title='bbox 860 911 960 976; x_wconf 91' lang='lat' dir='ltr'><strong>dubio</strong></span> <span class='ocrx_word' id='word_1_38' title='bbox 983 931 1092 976; x_wconf 87' lang='lat' dir='ltr'><strong>versus</strong></span> <span class='ocrx_word' id='word_1_39' title='bbox 1116 911 1291 974; x_wconf 80' lang='lat'>341-342</span> <span class='ocrx_word' id='word_1_40' title='bbox 1315 911 1393 973; x_wconf 91' lang='lat' dir='ltr'><strong>olim</strong></span> <span class='ocrx_word' id='word_1_41' title='bbox 1416 911 1461 974; x_wconf 89' lang='lat' dir='ltr'><strong>sic</strong></span> <span class='ocrx_word' id='word_1_42' title='bbox 1483 911 1594 992; x_wconf 88' lang='lat' dir='ltr'><strong>scripti</strong></span> <span class='ocrx_word' id='word_1_43' title='bbox 1616 918 1723 975; x_wconf 84' lang='lat' dir='ltr'><strong>erent:</strong></span> 
     </span>
     <span class='ocr_line' id='line_1_6' title="bbox 628 1019 1445 1128; baseline -0.004 -35"><span class='ocrx_word' id='word_1_44' title='bbox 628 1023 765 1128; x_wconf 63' lang='lat' dir='ltr'><strong>consides</strong></span> <span class='ocrx_word' id='word_1_45' title='bbox 789 1023 844 1106; x_wconf 80' lang='grc' dir='ltr'><em>σε’,</em></span> <span class='ocrx_word' id='word_1_46' title='bbox 867 1027 982 1106; x_wconf 80' lang='grc' dir='ltr'><em>ἐχοοσα</em></span> <span class='ocrx_word' id='word_1_47' title='bbox 1004 1021 1174 1108; x_wconf 78' lang='grc' dir='ltr'><em>θοίμάτιον</em></span> <span class='ocrx_word' id='word_1_48' title='bbox 1196 1019 1276 1106; x_wconf 75' lang='grc' dir='ltr'><em>οόγόι</em></span> <span class='ocrx_word' id='word_1_49' title='bbox 1301 1021 1445 1110; x_wconf 80' lang='grc' dir='ltr'><em>’φόρουν</em></span> 
     </span>
     <span class='ocr_line' id='line_1_7' title="bbox 625 1109 1512 1200; baseline -0.005 -17"><span class='ocrx_word' id='word_1_50' title='bbox 625 1109 684 1182; x_wconf 88' lang='grc' dir='ltr'><em>κού</em></span> <span class='ocrx_word' id='word_1_51' title='bbox 706 1135 796 1182; x_wconf 77' lang='lat' dir='ltr'><strong>rouro</strong></span> <span class='ocrx_word' id='word_1_52' title='bbox 819 1113 928 1182; x_wconf 77' lang='grc' dir='ltr'><em>ποθῶ</em></span> <span class='ocrx_word' id='word_1_53' title='bbox 948 1112 1081 1199; x_wconf 88' lang='grc' dir='ltr'><em>μόνον,</em></span> <span class='ocrx_word' id='word_1_54' title='bbox 1105 1109 1187 1181; x_wconf 82' lang='grc' dir='ltr'><em>ἀλλὰ</em></span> <span class='ocrx_word' id='word_1_55' title='bbox 1208 1112 1264 1179; x_wconf 84' lang='grc' dir='ltr'><em>καὶ</em></span> <span class='ocrx_word' id='word_1_56' title='bbox 1285 1111 1339 1188; x_wconf 77' lang='grc' dir='ltr'><strong>τὰς</strong></span> <span class='ocrx_word' id='word_1_57' title='bbox 1362 1111 1512 1200; x_wconf 79' lang='grc' dir='ltr'><em>ἐμβάδας.</em></span> 
     </span>
     <span class='ocr_line' id='line_1_8' title="bbox 148 1232 1961 1314; baseline -0.001 -18"><span class='ocrx_word' id='word_1_58' title='bbox 148 1233 196 1296; x_wconf 82' lang='lat' dir='ltr'><strong>Sic</strong></span> <span class='ocrx_word' id='word_1_59' title='bbox 216 1233 331 1298; x_wconf 79' lang='lat' dir='ltr'><strong>omnia</strong></span> <span class='ocrx_word' id='word_1_60' title='bbox 352 1232 434 1298; x_wconf 92' lang='lat' dir='ltr'><strong>bene</strong></span> <span class='ocrx_word' id='word_1_61' title='bbox 456 1255 491 1298; x_wconf 90' lang='lat' dir='ltr'><strong>se</strong></span> <span class='ocrx_word' id='word_1_62' title='bbox 512 1234 646 1312; x_wconf 83' lang='lat' dir='ltr'><strong>habent;</strong></span> <span class='ocrx_word' id='word_1_63' title='bbox 672 1233 712 1299; x_wconf 89' lang='lat' dir='ltr'><strong>de</strong></span> <span class='ocrx_word' id='word_1_64' title='bbox 734 1241 837 1300; x_wconf 89' lang='lat' dir='ltr'><strong>metro</strong></span> <span class='ocrx_word' id='word_1_65' title='bbox 853 1234 940 1298; x_wconf 87' lang='lat' dir='ltr'><strong>enirn</strong></span> <span class='ocrx_word' id='word_1_66' title='bbox 956 1233 1038 1298; x_wconf 92' lang='lat' dir='ltr'><strong>nihil</strong></span> <span class='ocrx_word' id='word_1_67' title='bbox 1058 1232 1286 1297; x_wconf 82' lang='lat' dir='ltr'><strong>offendendum</strong></span> <span class='ocrx_word' id='word_1_68' title='bbox 1302 1253 1380 1310; x_wconf 90' lang='lat' dir='ltr'><strong>esse,</strong></span> <span class='ocrx_word' id='word_1_69' title='bbox 1405 1233 1567 1314; x_wconf 80' lang='lat' dir='ltr'><strong>Engernm</strong></span> <span class='ocrx_word' id='word_1_70' title='bbox 1583 1239 1691 1297; x_wconf 86' lang='lat' dir='ltr'><strong>entem</strong></span> <span class='ocrx_word' id='word_1_71' title='bbox 1711 1232 1746 1296; x_wconf 91' lang='lat' dir='ltr'><strong>in</strong></span> <span class='ocrx_word' id='word_1_72' title='bbox 1762 1232 1961 1298; x_wconf 79' lang='lat' dir='ltr'><strong>Praelatione</strong></span> 
     </span>
     <span class='ocr_line' id='line_1_9' title="bbox 146 1323 803 1407; baseline 0.006 -23"><span class='ocrx_word' id='word_1_73' title='bbox 146 1323 214 1402; x_wconf 76' lang='lat' dir='ltr'><strong>bys.</strong></span> <span class='ocrx_word' id='word_1_74' title='bbox 239 1342 348 1386; x_wconf 80' lang='lat' dir='ltr'><strong>errare</strong></span> <span class='ocrx_word' id='word_1_75' title='bbox 370 1323 436 1387; x_wconf 82' lang='lat' dir='ltr'><strong>iem</strong></span> <span class='ocrx_word' id='word_1_76' title='bbox 460 1345 556 1407; x_wconf 82' lang='lat' dir='ltr'><strong>snpra</strong></span> <span class='ocrx_word' id='word_1_77' title='bbox 578 1325 803 1390; x_wconf 76' lang='lat' dir='ltr'><strong>demonstravi.</strong></span> 
     </span>
    </p>
   </div>
   <div class='ocr_carea' id='block_1_3' title="bbox 144 1449 1962 3720">
    <p class='ocr_par' dir='ltr' id='par_1_3' title="bbox 144 1449 1962 3720">
     <span class='ocr_line' id='line_1_10' title="bbox 306 1449 1058 1536; baseline 0.005 -26"><span class='ocrx_word' id='word_1_78' title='bbox 306 1449 452 1514; x_wconf 81' lang='lat' dir='ltr'><strong>llcclee.</strong></span> <span class='ocrx_word' id='word_1_79' title='bbox 478 1449 566 1515; x_wconf 84' lang='grc' dir='ltr'><strong>38οε</strong></span> <span class='ocrx_word' id='word_1_80' title='bbox 601 1451 747 1536; x_wconf 79' lang='lat' dir='ltr'><strong>Blepym,</strong></span> <span class='ocrx_word' id='word_1_81' title='bbox 772 1449 829 1531; x_wconf 89' lang='lat' dir='ltr'><strong>qui</strong></span> <span class='ocrx_word' id='word_1_82' title='bbox 851 1449 1058 1532; x_wconf 83' lang='lat' dir='ltr'><strong>interrogavit</strong></span> 
     </span>
     <span class='ocr_line' id='line_1_11' title="bbox 144 1531 1958 1626; baseline 0.002 -28"><span class='ocrx_word' id='word_1_83' title='bbox 144 1531 177 1598; x_wconf 75' lang='lat' dir='ltr'><strong>rb</strong></span> <span class='ocrx_word' id='word_1_84' title='bbox 198 1531 376 1620; x_wconf 74' lang='grc' dir='ltr'><em>τριώβολον</em></span> <span class='ocrx_word' id='word_1_85' title='bbox 397 1533 462 1626; x_wconf 71' lang='grc' dir='ltr'><em>θῆτ’</em></span> <span class='ocrx_word' id='word_1_86' title='bbox 486 1539 613 1624; x_wconf 60' lang='lat' dir='ltr'><strong>diatim,-</strong></span> <span class='ocrx_word' id='word_1_87' title='bbox 635 1541 716 1605; x_wconf 81' lang='lat' dir='ltr'><strong>ulter</strong></span> <span class='ocrx_word' id='word_1_88' title='bbox 737 1541 787 1606; x_wconf 89' lang='lat' dir='ltr'><strong>vir</strong></span> <span class='ocrx_word' id='word_1_89' title='bbox 809 1538 992 1621; x_wconf 83' lang='lat' dir='ltr'>respondet:</span> <span class='ocrx_word' id='word_1_90' title='bbox 1018 1534 1049 1603; x_wconf 85' lang='grc' dir='ltr'><em>εἰ</em></span> <span class='ocrx_word' id='word_1_91' title='bbox 1070 1533 1127 1623; x_wconf 78' lang='grc' dir='ltr'><strong>γὰρ</strong></span> <span class='ocrx_word' id='word_1_92' title='bbox 1150 1533 1285 1622; x_wconf 79' lang='grc' dir='ltr'><em>ὤφελον.</em></span> <span class='ocrx_word' id='word_1_93' title='bbox 1332 1536 1456 1601; x_wconf 82' lang='lat' dir='ltr'><strong>Deinde</strong></span> <span class='ocrx_word' id='word_1_94' title='bbox 1483 1538 1600 1620; x_wconf 86' lang='lat' dir='ltr'><strong>pergit,</strong></span> <span class='ocrx_word' id='word_1_95' title='bbox 1630 1539 1658 1602; x_wconf 90' lang='lat' dir='ltr'><strong>si</strong></span> <span class='ocrx_word' id='word_1_96' title='bbox 1681 1538 1732 1604; x_wconf 55' lang='lat' dir='ltr'><strong>R?</strong></span> <span class='ocrx_word' id='word_1_97' title='bbox 1756 1539 1848 1618; x_wconf 90' lang='lat' dir='ltr'><strong>sequi</strong></span> <span class='ocrx_word' id='word_1_98' title='bbox 1871 1539 1958 1602; x_wconf 91' lang='lat' dir='ltr'><strong>licet:</strong></span> 
     </span>
     <span class='ocr_line' id='line_1_12' title="bbox 680 1643 1481 1742; baseline -0.004 -21"><span class='ocrx_word' id='word_1_99' title='bbox 680 1649 749 1721; x_wconf 80' lang='grc' dir='ltr'><em>ἀλλ’</em></span> <span class='ocrx_word' id='word_1_100' title='bbox 772 1643 901 1740; x_wconf 82' lang='grc' dir='ltr'><em>ύσιερος</em></span> <span class='ocrx_word' id='word_1_101' title='bbox 922 1650 961 1742; x_wconf 77' lang='grc' dir='ltr'><strong>νὴ</strong></span> <span class='ocrx_word' id='word_1_102' title='bbox 983 1655 1036 1719; x_wconf 84' lang='grc' dir='ltr'><em>Δί’</em></span> <span class='ocrx_word' id='word_1_103' title='bbox 1058 1643 1171 1741; x_wconf 77' lang='grc' dir='ltr'><em>ἦλθον,</em></span> <span class='ocrx_word' id='word_1_104' title='bbox 1191 1647 1262 1719; x_wconf 54' lang='grc' dir='ltr'><em>’ὥστ’</em></span> <span class='ocrx_word' id='word_1_105' title='bbox 1286 1649 1481 1735; x_wconf 73' lang='grc' dir='ltr'><em>αἰσχύνομαι</em></span> 
     </span>
     <span class='ocr_line' id='line_1_13' title="bbox 678 1733 1421 1830; baseline 0.001 -21"><span class='ocrx_word' id='word_1_106' title='bbox 678 1742 727 1828; x_wconf 83' lang='grc' dir='ltr'><strong>μὰ</strong></span> <span class='ocrx_word' id='word_1_107' title='bbox 748 1741 801 1809; x_wconf 74' lang='lat' dir='ltr'><strong>cdv</strong></span> <span class='ocrx_word' id='word_1_108' title='bbox 823 1741 879 1810; x_wconf 87' lang='grc' dir='ltr'><em>Δί’</em></span> <span class='ocrx_word' id='word_1_109' title='bbox 902 1739 1004 1809; x_wconf 70' lang='lat' dir='ltr'><strong>criden*</strong></span> <span class='ocrx_word' id='word_1_110' title='bbox 1028 1739 1127 1810; x_wconf 82' lang='grc' dir='ltr'><em>ἄλλον</em></span> <span class='ocrx_word' id='word_1_111' title='bbox 1149 1733 1170 1830; x_wconf 79' lang='grc' dir='ltr'><strong><em>ἢ</em></strong></span> <span class='ocrx_word' id='word_1_112' title='bbox 1192 1739 1246 1809; x_wconf 75' lang='grc' dir='ltr'><strong>τὸν</strong></span> <span class='ocrx_word' id='word_1_113' title='bbox 1268 1738 1421 1810; x_wconf 89' lang='grc' dir='ltr'><em>θύλακον.</em></span> 
     </span>
     <span class='ocr_line' id='line_1_14' title="bbox 149 1859 1202 1940; baseline 0.002 -18"><span class='ocrx_word' id='word_1_114' title='bbox 149 1859 233 1932; x_wconf 78' lang='lat' dir='ltr'><strong>Quae</strong></span> <span class='ocrx_word' id='word_1_115' title='bbox 256 1860 357 1928; x_wconf 84' lang='lat' dir='ltr'><strong>verbe</strong></span> <span class='ocrx_word' id='word_1_116' title='bbox 378 1861 559 1927; x_wconf 85' lang='lat' dir='ltr'><strong>Brunckius</strong></span> <span class='ocrx_word' id='word_1_117' title='bbox 581 1863 628 1927; x_wconf 87' lang='lat' dir='ltr'><strong>ite</strong></span> <span class='ocrx_word' id='word_1_118' title='bbox 649 1860 848 1928; x_wconf 82' lang='lat' dir='ltr'><strong>restituendo</strong></span> <span class='ocrx_word' id='word_1_119' title='bbox 871 1867 989 1940; x_wconf 89' lang='lat' dir='ltr'><strong>censet,</strong></span> <span class='ocrx_word' id='word_1_120' title='bbox 1012 1867 1050 1925; x_wconf 90' lang='lat' dir='ltr'><strong>ut</strong></span> <span class='ocrx_word' id='word_1_121' title='bbox 1071 1861 1202 1925; x_wconf 86' lang='lat' dir='ltr'><strong>scribet:</strong></span> 
     </span>
     <span class='ocr_line' id='line_1_15' title="bbox 680 1965 1425 2064; baseline -0.004 -20"><span class='ocrx_word' id='word_1_122' title='bbox 680 1972 750 2044; x_wconf 81' lang='grc' dir='ltr'><em>ἀλλ’</em></span> <span class='ocrx_word' id='word_1_123' title='bbox 773 1972 901 2062; x_wconf 74' lang='grc' dir='ltr'><em>ὕστερος</em></span> <span class='ocrx_word' id='word_1_124' title='bbox 922 1972 981 2042; x_wconf 78' lang='grc' dir='ltr'><strong>νῦν</strong></span> <span class='ocrx_word' id='word_1_125' title='bbox 1003 1965 1118 2064; x_wconf 76' lang='grc' dir='ltr'><em>ἦλθον,</em></span> <span class='ocrx_word' id='word_1_126' title='bbox 1141 1970 1210 2042; x_wconf 77' lang='grc' dir='ltr'><em>ὅσι’</em></span> <span class='ocrx_word' id='word_1_127' title='bbox 1234 1972 1425 2058; x_wconf 75' lang='grc' dir='ltr'><em>αἰσχύνομαι</em></span> 
     </span>
     <span class='ocr_line' id='line_1_16' title="bbox 679 2055 1471 2153; baseline -0.003 -19"><span class='ocrx_word' id='word_1_128' title='bbox 679 2068 760 2148; x_wconf 78' lang='grc' dir='ltr'><em>ἔχων</em></span> <span class='ocrx_word' id='word_1_129' title='bbox 783 2063 831 2150; x_wconf 78' lang='grc' dir='ltr'><strong>μὰ</strong></span> <span class='ocrx_word' id='word_1_130' title='bbox 851 2065 905 2132; x_wconf 85' lang='grc' dir='ltr'><em>Δί’</em></span> <span class='ocrx_word' id='word_1_131' title='bbox 928 2061 1023 2132; x_wconf 76' lang='grc' dir='ltr'><em>οὐδὲν</em></span> <span class='ocrx_word' id='word_1_132' title='bbox 1045 2061 1124 2130; x_wconf 82' lang='grc' dir='ltr'><em>ἄλλο</em></span> <span class='ocrx_word' id='word_1_133' title='bbox 1146 2063 1173 2146; x_wconf 81' lang='grc' dir='ltr'><em>γ’</em></span> <span class='ocrx_word' id='word_1_134' title='bbox 1197 2055 1218 2153; x_wconf 75' lang='grc' dir='ltr'><em>ἢ</em></span> <span class='ocrx_word' id='word_1_135' title='bbox 1239 2063 1293 2132; x_wconf 61' lang='lat' dir='ltr'><strong>rin*</strong></span> <span class='ocrx_word' id='word_1_136' title='bbox 1315 2062 1471 2132; x_wconf 70' lang='grc' dir='ltr'><em>θύλακον.</em></span> 
     </span>
     <span class='ocr_line' id='line_1_17' title="bbox 148 2180 1962 2268; baseline 0.004 -26"><span class='ocrx_word' id='word_1_137' title='bbox 148 2180 235 2244; x_wconf 75' lang='lat' dir='ltr'><strong>Haec</strong></span> <span class='ocrx_word' id='word_1_138' title='bbox 258 2183 453 2249; x_wconf 76' lang='lat' dir='ltr'><strong>emendandi</strong></span> <span class='ocrx_word' id='word_1_139' title='bbox 479 2187 561 2250; x_wconf 79' lang='lat' dir='ltr'><strong>ratio</strong></span> <span class='ocrx_word' id='word_1_140' title='bbox 584 2205 659 2250; x_wconf 89' lang='lat' dir='ltr'><strong>cum</strong></span> <span class='ocrx_word' id='word_1_141' title='bbox 682 2186 754 2250; x_wconf 79' lang='lat' dir='ltr'><strong>eliis</strong></span> <span class='ocrx_word' id='word_1_142' title='bbox 778 2185 946 2268; x_wconf 83' lang='lat' dir='ltr'><strong>probetur,</strong></span> <span class='ocrx_word' id='word_1_143' title='bbox 976 2191 1046 2248; x_wconf 88' lang='lat' dir='ltr'><strong>tum</strong></span> <span class='ocrx_word' id='word_1_144' title='bbox 1069 2182 1250 2262; x_wconf 90' lang='lat' dir='ltr'><strong>Dindorfio,</strong></span> <span class='ocrx_word' id='word_1_145' title='bbox 1282 2185 1335 2247; x_wconf 91' lang='lat' dir='ltr'><strong>cni</strong></span> <span class='ocrx_word' id='word_1_146' title='bbox 1357 2189 1466 2247; x_wconf 84' lang='lat' dir='ltr'><strong>tumen</strong></span> <span class='ocrx_word' id='word_1_147' title='bbox 1490 2182 1690 2263; x_wconf 80' lang='lat' dir='ltr'><strong>probabilius</strong></span> <span class='ocrx_word' id='word_1_148' title='bbox 1714 2185 1811 2248; x_wconf 80' lang='lat' dir='ltr'><strong>etiem</strong></span> <span class='ocrx_word' id='word_1_149' title='bbox 1835 2184 1962 2250; x_wconf 88' lang='lat' dir='ltr'><strong>videtur</strong></span> 
     </span>
     <span class='ocr_line' id='line_1_18' title="bbox 148 2270 1200 2355; baseline 0.002 -22"><span class='ocrx_word' id='word_1_150' title='bbox 148 2270 271 2352; x_wconf 76' lang='lat' dir='ltr'><strong>aliquid</strong></span> <span class='ocrx_word' id='word_1_151' title='bbox 294 2279 370 2338; x_wconf 80' lang='lat' dir='ltr'><strong>ente</strong></span> <span class='ocrx_word' id='word_1_152' title='bbox 393 2275 480 2338; x_wconf 87' lang='lat' dir='ltr'><strong>hunc</strong></span> <span class='ocrx_word' id='word_1_153' title='bbox 502 2295 630 2342; x_wconf 81' lang='lat' dir='ltr'><strong>versum</strong></span> <span class='ocrx_word' id='word_1_154' title='bbox 654 2274 820 2340; x_wconf 72' lang='lat' dir='ltr'><strong>excidisse.</strong></span> <span class='ocrx_word' id='word_1_155' title='bbox 867 2275 1025 2338; x_wconf 89' lang='lat' dir='ltr'><strong>Velsenus</strong></span> <span class='ocrx_word' id='word_1_156' title='bbox 1048 2273 1200 2355; x_wconf 81' lang='lat' dir='ltr'><strong>praefert:</strong></span> 
     </span>
     <span class='ocr_line' id='line_1_19' title="bbox 680 2367 1425 2467; baseline -0.005 -19"><span class='ocrx_word' id='word_1_157' title='bbox 680 2375 749 2448; x_wconf 76' lang='grc' dir='ltr'><em>ἀλλ’</em></span> <span class='ocrx_word' id='word_1_158' title='bbox 773 2375 902 2467; x_wconf 79' lang='grc' dir='ltr'><em>ύσιερος</em></span> <span class='ocrx_word' id='word_1_159' title='bbox 923 2375 981 2463; x_wconf 77' lang='grc' dir='ltr'><strong>γὰρ</strong></span> <span class='ocrx_word' id='word_1_160' title='bbox 1004 2367 1119 2466; x_wconf 79' lang='grc' dir='ltr'><em>ἦλθον,</em></span> <span class='ocrx_word' id='word_1_161' title='bbox 1141 2373 1211 2446; x_wconf 81' lang='grc' dir='ltr'><em>ὥστ’</em></span> <span class='ocrx_word' id='word_1_162' title='bbox 1234 2374 1425 2462; x_wconf 74' lang='grc' dir='ltr'><em>αἰσχύνομαι</em></span> 
     </span>
     <span class='ocr_line' id='line_1_20' title="bbox 679 2463 1408 2558; baseline -0.004 -22"><span class='ocrx_word' id='word_1_163' title='bbox 679 2476 787 2558; x_wconf 79' lang='grc' dir='ltr'><em>φέρων</em></span> <span class='ocrx_word' id='word_1_164' title='bbox 808 2468 855 2554; x_wconf 79' lang='grc' dir='ltr'><strong>μὰ</strong></span> <span class='ocrx_word' id='word_1_165' title='bbox 875 2466 929 2535; x_wconf 75' lang='grc' dir='ltr'><strong>τὸν</strong></span> <span class='ocrx_word' id='word_1_166' title='bbox 950 2465 1005 2534; x_wconf 90' lang='grc' dir='ltr'><em>Δί’</em></span> <span class='ocrx_word' id='word_1_167' title='bbox 1030 2463 1124 2534; x_wconf 73' lang='grc' dir='ltr'><em>οὐδὲν</em></span> <span class='ocrx_word' id='word_1_168' title='bbox 1146 2467 1181 2534; x_wconf 85' lang='grc' dir='ltr'><strong>ἐν</strong></span> <span class='ocrx_word' id='word_1_169' title='bbox 1203 2465 1245 2554; x_wconf 71' lang='lat' dir='ltr'><strong>soi</strong></span> <span class='ocrx_word' id='word_1_170' title='bbox 1267 2464 1408 2554; x_wconf 79' lang='grc' dir='ltr'><em>θυλάκῳ.</em></span> 
     </span>
     <span class='ocr_line' id='line_1_21' title="bbox 151 2571 740 2645; baseline 0.017 -10"><span class='ocrx_word' id='word_1_171' title='bbox 151 2571 328 2640; x_wconf 84' lang='lat' dir='ltr'><strong>bleinekins</strong></span> <span class='ocrx_word' id='word_1_172' title='bbox 351 2597 460 2643; x_wconf 88' lang='lat' dir='ltr'><strong>rursus</strong></span> <span class='ocrx_word' id='word_1_173' title='bbox 483 2580 579 2644; x_wconf 85' lang='lat' dir='ltr'><strong>scribi</strong></span> <span class='ocrx_word' id='word_1_174' title='bbox 601 2581 740 2645; x_wconf 84' lang='lat' dir='ltr'><strong>mavult:</strong></span> 
     </span>
     <span class='ocr_line' id='line_1_22' title="bbox 678 2672 1481 2794; baseline -0.001 -44"><span class='ocrx_word' id='word_1_175' title='bbox 678 2681 748 2794; x_wconf 75' lang='grc' dir='ltr'><em>ἀλλ’</em></span> <span class='ocrx_word' id='word_1_176' title='bbox 770 2679 899 2793; x_wconf 80' lang='grc' dir='ltr'><em>ύσιερος</em></span> <span class='ocrx_word' id='word_1_177' title='bbox 921 2672 1025 2792; x_wconf 66' lang='grc' dir='ltr'><em>ἦλθον</em></span> <span class='ocrx_word' id='word_1_178' title='bbox 1045 2679 1086 2786; x_wconf 58' lang='lat' dir='ltr'><strong>cip</strong></span> <span class='ocrx_word' id='word_1_179' title='bbox 1109 2681 1175 2764; x_wconf 89' lang='grc' dir='ltr'><em>Δί’,</em></span> <span class='ocrx_word' id='word_1_180' title='bbox 1190 2677 1266 2792; x_wconf 58' lang='grc' dir='ltr'><em>ρ’ύσρ)</em></span> <span class='ocrx_word' id='word_1_181' title='bbox 1289 2679 1481 2790; x_wconf 55' lang='grc' dir='ltr'><em>αἰσχύνομαι</em></span> 
     </span>
     <span class='ocr_line' id='line_1_23' title="bbox 679 2773 1455 2860; baseline -0.005 -18"><span class='ocrx_word' id='word_1_182' title='bbox 679 2773 1455 2860; x_wconf 59' lang='grc' dir='ltr'><em>μαΔίωόένήλομσλλονηωνθολακον.</em></span> 
     </span>
     <span class='ocr_line' id='line_1_24' title="bbox 152 2877 1957 2965; baseline 0.004 -25"><span class='ocrx_word' id='word_1_183' title='bbox 152 2877 221 2958; x_wconf 82' lang='lat' dir='ltr'><strong>Ego,</strong></span> <span class='ocrx_word' id='word_1_184' title='bbox 243 2901 263 2943; x_wconf 85' lang='grc' dir='ltr'><em>ε</em></span> <span class='ocrx_word' id='word_1_185' title='bbox 287 2881 454 2947; x_wconf 84' lang='lat' dir='ltr'><strong>codicibus</strong></span> <span class='ocrx_word' id='word_1_186' title='bbox 474 2903 572 2965; x_wconf 82' lang='lat' dir='ltr'><strong>quem</strong></span> <span class='ocrx_word' id='word_1_187' title='bbox 592 2885 728 2950; x_wconf 90' lang='lat' dir='ltr'><strong>minime</strong></span> <span class='ocrx_word' id='word_1_188' title='bbox 750 2882 964 2950; x_wconf 90' lang='lat' dir='ltr'><strong>recedendum</strong></span> <span class='ocrx_word' id='word_1_189' title='bbox 987 2902 1130 2960; x_wconf 84' lang='lat' dir='ltr'><strong>censens,</strong></span> <span class='ocrx_word' id='word_1_190' title='bbox 1155 2883 1191 2946; x_wconf 92' lang='lat' dir='ltr'><strong>in</strong></span> <span class='ocrx_word' id='word_1_191' title='bbox 1213 2883 1317 2963; x_wconf 92' lang='lat' dir='ltr'><strong>priore</strong></span> <span class='ocrx_word' id='word_1_192' title='bbox 1340 2904 1433 2947; x_wconf 90' lang='lat' dir='ltr'><strong>versu</strong></span> <span class='ocrx_word' id='word_1_193' title='bbox 1454 2883 1591 2948; x_wconf 90' lang='lat' dir='ltr'><strong>Velseno</strong></span> <span class='ocrx_word' id='word_1_194' title='bbox 1615 2883 1778 2964; x_wconf 81' lang='lat' dir='ltr'><strong>astipulor,</strong></span> <span class='ocrx_word' id='word_1_195' title='bbox 1803 2884 1837 2946; x_wconf 93' lang='lat' dir='ltr'><strong>in</strong></span> <span class='ocrx_word' id='word_1_196' title='bbox 1857 2890 1957 2965; x_wconf 84' lang='lat' dir='ltr'><strong>poste·</strong></span> 
     </span>
     <span class='ocr_line' id='line_1_25' title="bbox 151 2968 1864 3060; baseline 0.005 -30"><span class='ocrx_word' id='word_1_197' title='bbox 151 2968 225 3032; x_wconf 89' lang='lat' dir='ltr'><strong>riore</strong></span> <span class='ocrx_word' id='word_1_198' title='bbox 246 2977 360 3036; x_wconf 81' lang='lat' dir='ltr'><strong>sutem</strong></span> <span class='ocrx_word' id='word_1_199' title='bbox 384 2971 431 3036; x_wconf 70' lang='lat'><strong>3¹·</strong></span> <span class='ocrx_word' id='word_1_200' title='bbox 457 2975 646 3056; x_wconf 83' lang='lat' dir='ltr'><strong>scripturam</strong></span> <span class='ocrx_word' id='word_1_201' title='bbox 670 2975 839 3060; x_wconf 83' lang='lat' dir='ltr'><strong>paululum</strong></span> <span class='ocrx_word' id='word_1_202' title='bbox 863 2971 1053 3037; x_wconf 78' lang='lat' dir='ltr'><strong>mutandam</strong></span> <span class='ocrx_word' id='word_1_203' title='bbox 1076 2992 1145 3036; x_wconf 87' lang='lat' dir='ltr'><strong>esse</strong></span> <span class='ocrx_word' id='word_1_204' title='bbox 1167 2971 1270 3036; x_wconf 90' lang='lat' dir='ltr'><strong>credo.</strong></span> <span class='ocrx_word' id='word_1_205' title='bbox 1317 2973 1502 3054; x_wconf 83' lang='lat' dir='ltr'><strong>Legendum</strong></span> <span class='ocrx_word' id='word_1_206' title='bbox 1525 2973 1612 3036; x_wconf 90' lang='lat' dir='ltr'><strong>enim</strong></span> <span class='ocrx_word' id='word_1_207' title='bbox 1636 2973 1781 3056; x_wconf 87' lang='lat' dir='ltr'><strong>suspicor</strong></span> <span class='ocrx_word' id='word_1_208' title='bbox 1804 2974 1864 3039; x_wconf 70' lang='lat' dir='ltr'><strong>iter</strong></span> 
     </span>
     <span class='ocr_line' id='line_1_26' title="bbox 680 3073 1429 3175; baseline -0.007 -19"><span class='ocrx_word' id='word_1_209' title='bbox 680 3085 750 3156; x_wconf 79' lang='grc' dir='ltr'><em>ἀλλ’</em></span> <span class='ocrx_word' id='word_1_210' title='bbox 773 3083 901 3174; x_wconf 81' lang='grc' dir='ltr'><em>ύσιερος</em></span> <span class='ocrx_word' id='word_1_211' title='bbox 922 3083 981 3174; x_wconf 73' lang='grc' dir='ltr'><strong>γὰρ</strong></span> <span class='ocrx_word' id='word_1_212' title='bbox 1004 3073 1118 3175; x_wconf 78' lang='grc' dir='ltr'><em>ἦλθον,</em></span> <span class='ocrx_word' id='word_1_213' title='bbox 1141 3081 1211 3153; x_wconf 76' lang='grc' dir='ltr'><em>ὥστ’</em></span> <span class='ocrx_word' id='word_1_214' title='bbox 1234 3082 1429 3168; x_wconf 80' lang='grc' dir='ltr'><em>αἰσχύνομαι</em></span> 
     </span>
     <span class='ocr_line' id='line_1_27' title="bbox 678 3165 1475 3266; baseline -0.009 -20"><span class='ocrx_word' id='word_1_215' title='bbox 678 3177 726 3264; x_wconf 78' lang='grc' dir='ltr'><strong>μὰ</strong></span> <span class='ocrx_word' id='word_1_216' title='bbox 746 3175 800 3246; x_wconf 82' lang='grc' dir='ltr'><strong>τὸν</strong></span> <span class='ocrx_word' id='word_1_217' title='bbox 822 3175 877 3243; x_wconf 86' lang='grc' dir='ltr'><em>Δί’</em></span> <span class='ocrx_word' id='word_1_218' title='bbox 901 3169 1012 3242; x_wconf 70' lang='lat' dir='ltr'><strong>oeteo</strong></span> <span class='ocrx_word' id='word_1_219' title='bbox 1035 3173 1182 3260; x_wconf 84' lang='grc' dir='ltr'><em>μᾶλλον</em></span> <span class='ocrx_word' id='word_1_220' title='bbox 1203 3165 1224 3266; x_wconf 81' lang='grc' dir='ltr'><em>ἢ</em></span> <span class='ocrx_word' id='word_1_221' title='bbox 1246 3171 1301 3242; x_wconf 76' lang='grc' dir='ltr'><strong>τὸν</strong></span> <span class='ocrx_word' id='word_1_222' title='bbox 1324 3171 1475 3242; x_wconf 87' lang='grc' dir='ltr'><em>θύλακον.</em></span> 
     </span>
     <span class='ocr_line' id='line_1_28' title="bbox 156 3287 1961 3379; baseline 0.001 -21"><span class='ocrx_word' id='word_1_223' title='bbox 156 3287 197 3352; x_wconf 83' lang='lat' dir='ltr'><strong>De</strong></span> <span class='ocrx_word' id='word_1_224' title='bbox 217 3287 408 3376; x_wconf 65' lang='grc' dir='ltr'><em>αἰσχύνομαι</em></span> <span class='ocrx_word' id='word_1_225' title='bbox 430 3297 600 3362; x_wconf 89' lang='lat' dir='ltr'><strong>coniuncto</strong></span> <span class='ocrx_word' id='word_1_226' title='bbox 623 3316 698 3362; x_wconf 89' lang='lat' dir='ltr'><strong>eum</strong></span> <span class='ocrx_word' id='word_1_227' title='bbox 721 3297 902 3362; x_wconf 80' lang='lat' dir='ltr'><strong>accusativo</strong></span> <span class='ocrx_word' id='word_1_228' title='bbox 921 3296 977 3360; x_wconf 83' lang='lat' dir='ltr'><strong>cir.</strong></span> <span class='ocrx_word' id='word_1_229' title='bbox 999 3295 1083 3362; x_wconf 87' lang='lat' dir='ltr'><strong>Plut.</strong></span> <span class='ocrx_word' id='word_1_230' title='bbox 1100 3293 1174 3360; x_wconf 83' lang='lat'>774.</span> <span class='ocrx_word' id='word_1_231' title='bbox 1198 3289 1391 3376; x_wconf 69' lang='grc' dir='ltr'><em>αἰσχύνομαι</em></span> <span class='ocrx_word' id='word_1_232' title='bbox 1412 3291 1448 3359; x_wconf 77' lang='grc' dir='ltr'><strong>δὲ</strong></span> <span class='ocrx_word' id='word_1_233' title='bbox 1469 3288 1521 3366; x_wconf 69' lang='grc' dir='ltr'><strong>οὺς</strong></span> <span class='ocrx_word' id='word_1_234' title='bbox 1543 3289 1682 3376; x_wconf 78' lang='grc' dir='ltr'><em>ἐμαυτοῦ</em></span> <span class='ocrx_word' id='word_1_235' title='bbox 1703 3291 1881 3379; x_wconf 79' lang='grc' dir='ltr'><em>σύμφορός,</em></span> <span class='ocrx_word' id='word_1_236' title='bbox 1904 3297 1961 3360; x_wconf 93' lang='lat' dir='ltr'><strong>ubi</strong></span> 
     </span>
     <span class='ocr_line' id='line_1_29' title="bbox 156 3375 1960 3470; baseline 0.006 -31"><span class='ocrx_word' id='word_1_237' title='bbox 156 3375 289 3450; x_wconf 81' lang='lat' dir='ltr'><strong>dativum</strong></span> <span class='ocrx_word' id='word_1_238' title='bbox 313 3386 464 3466; x_wconf 91' lang='lat' dir='ltr'><strong>recipere,</strong></span> <span class='ocrx_word' id='word_1_239' title='bbox 488 3385 524 3450; x_wconf 92' lang='lat' dir='ltr'><strong>id</strong></span> <span class='ocrx_word' id='word_1_240' title='bbox 546 3385 633 3468; x_wconf 89' lang='lat' dir='ltr'><strong>quod</strong></span> <span class='ocrx_word' id='word_1_241' title='bbox 655 3385 843 3468; x_wconf 86' lang='lat' dir='ltr'><strong>Bleydesins</strong></span> <span class='ocrx_word' id='word_1_242' title='bbox 866 3385 944 3463; x_wconf 85' lang='lat' dir='ltr'><strong>vult,</strong></span> <span class='ocrx_word' id='word_1_243' title='bbox 969 3405 1051 3468; x_wconf 88' lang='lat' dir='ltr'><strong>opus</strong></span> <span class='ocrx_word' id='word_1_244' title='bbox 1074 3405 1142 3450; x_wconf 90' lang='lat' dir='ltr'><strong>esse</strong></span> <span class='ocrx_word' id='word_1_245' title='bbox 1165 3385 1201 3448; x_wconf 94' lang='lat'><strong>0.</strong></span> <span class='ocrx_word' id='word_1_246' title='bbox 1224 3385 1403 3449; x_wconf 84' lang='lat' dir='ltr'><strong>Keehlerus</strong></span> <span class='ocrx_word' id='word_1_247' title='bbox 1426 3379 1667 3470; x_wconf 89' lang='lat' dir='ltr'><strong>(Wochenschr.</strong></span> <span class='ocrx_word' id='word_1_248' title='bbox 1690 3384 1712 3447; x_wconf 83' lang='lat' dir='ltr'><strong>f.</strong></span> <span class='ocrx_word' id='word_1_249' title='bbox 1734 3386 1778 3450; x_wconf 88' lang='lat' dir='ltr'><strong>kl.</strong></span> <span class='ocrx_word' id='word_1_250' title='bbox 1799 3386 1881 3449; x_wconf 93' lang='lat' dir='ltr'><strong>Phil.</strong></span> <span class='ocrx_word' id='word_1_251' title='bbox 1904 3388 1960 3463; x_wconf 89' lang='lat' dir='ltr'><strong>IV,</strong></span> 
     </span>
     <span class='ocr_line' id='line_1_30' title="bbox 158 3466 1962 3568; baseline 0.002 -34"><span class='ocrx_word' id='word_1_252' title='bbox 158 3466 208 3568; x_wconf 57' lang='lat' dir='ltr'><strong>ll)</strong></span> <span class='ocrx_word' id='word_1_253' title='bbox 232 3473 299 3537; x_wconf 90' lang='lat' dir='ltr'><strong>iure</strong></span> <span class='ocrx_word' id='word_1_254' title='bbox 328 3495 365 3538; x_wconf 82' lang='lat' dir='ltr'><strong>ec</strong></span> <span class='ocrx_word' id='word_1_255' title='bbox 391 3475 504 3539; x_wconf 89' lang='lat' dir='ltr'><strong>merito</strong></span> <span class='ocrx_word' id='word_1_256' title='bbox 532 3482 637 3557; x_wconf 84' lang='lat' dir='ltr'><strong>neget.</strong></span> <span class='ocrx_word' id='word_1_257' title='bbox 688 3475 890 3558; x_wconf 84' lang='lat' dir='ltr'><strong>Blaydesius,</strong></span> <span class='ocrx_word' id='word_1_258' title='bbox 926 3480 964 3539; x_wconf 90' lang='lat' dir='ltr'><strong>ut</strong></span> <span class='ocrx_word' id='word_1_259' title='bbox 990 3475 1052 3539; x_wconf 92' lang='lat' dir='ltr'><strong>hoc</strong></span> <span class='ocrx_word' id='word_1_260' title='bbox 1090 3493 1218 3558; x_wconf 89' lang='lat' dir='ltr'><strong>qnoque</strong></span> <span class='ocrx_word' id='word_1_261' title='bbox 1247 3493 1509 3550; x_wconf 79' lang='lat' dir='ltr'><strong>commemorem,</strong></span> <span class='ocrx_word' id='word_1_262' title='bbox 1546 3479 1619 3556; x_wconf 93' lang='lat' dir='ltr'><strong>post</strong></span> <span class='ocrx_word' id='word_1_263' title='bbox 1647 3469 1841 3556; x_wconf 72' lang='grc' dir='ltr'><em>αἰσχύνομαι</em></span> <span class='ocrx_word' id='word_1_264' title='bbox 1869 3476 1962 3556; x_wconf 91' lang='lat' dir='ltr'><strong>plene</strong></span> 
     </span>
     <span class='ocr_line' id='line_1_31' title="bbox 157 3553 1961 3720; baseline 0.001 -93"><span class='ocrx_word' id='word_1_265' title='bbox 157 3563 595 3720; x_wconf 41' lang='lat' dir='ltr'><strong>xiiipcuenrff’irffoffitawffslist’</strong></span> <span class='ocrx_word' id='word_1_266' title='bbox 619 3585 660 3629; x_wconf 90' lang='lat' dir='ltr'><strong>ex</strong></span> <span class='ocrx_word' id='word_1_267' title='bbox 678 3585 708 3630; x_wconf 87' lang='lat' dir='ltr'><strong>v.</strong></span> <span class='ocrx_word' id='word_1_268' title='bbox 731 3565 796 3630; x_wconf 88' lang='grc'><strong>380</strong></span> <span class='ocrx_word' id='word_1_269' title='bbox 818 3564 933 3648; x_wconf 73' lang='grc' dir='ltr'><em>ἔλαβον</em></span> <span class='ocrx_word' id='word_1_270' title='bbox 955 3564 1100 3642; x_wconf 85' lang='lat' dir='ltr'><strong>audiens,</strong></span> <span class='ocrx_word' id='word_1_271' title='bbox 1124 3558 1170 3646; x_wconf 79' lang='grc' dir='ltr'><strong>μὰ</strong></span> <span class='ocrx_word' id='word_1_272' title='bbox 1191 3557 1246 3627; x_wconf 80' lang='grc' dir='ltr'><strong>τίνν</strong></span> <span class='ocrx_word' id='word_1_273' title='bbox 1264 3560 1319 3628; x_wconf 88' lang='grc' dir='ltr'><em>Δί’</em></span> <span class='ocrx_word' id='word_1_274' title='bbox 1336 3555 1430 3628; x_wconf 82' lang='grc' dir='ltr'><em>ούδέν</em></span> <span class='ocrx_word' id='word_1_275' title='bbox 1450 3556 1529 3627; x_wconf 81' lang='grc' dir='ltr'><em>ἄλλο</em></span> <span class='ocrx_word' id='word_1_276' title='bbox 1543 3559 1569 3644; x_wconf 84' lang='grc' dir='ltr'><em>γ’</em></span> <span class='ocrx_word' id='word_1_277' title='bbox 1590 3553 1680 3650; x_wconf 77' lang='grc' dir='ltr'><strong>ἣτὸν</strong></span> <span class='ocrx_word' id='word_1_278' title='bbox 1701 3558 1855 3642; x_wconf 70' lang='grc' dir='ltr'><em>θύλακον,</em></span> <span class='ocrx_word' id='word_1_279' title='bbox 1879 3583 1961 3646; x_wconf 82' lang='lat' dir='ltr'><strong>quac</strong></span> 
     </span>
    </p>
   </div>
   <div class='ocr_carea' id='block_1_4' title="bbox 161 3773 1961 5270">
    <p class='ocr_par' dir='ltr' id='par_1_4' title="bbox 161 3773 1961 5077">
     <span class='ocr_line' id='line_1_32' title="bbox 329 3773 1549 3866; baseline -0.002 -22"><span class='ocrx_word' id='word_1_280' title='bbox 329 3780 473 3846; x_wconf 79' lang='lat' dir='ltr'><strong>Eccles.</strong></span> <span class='ocrx_word' id='word_1_281' title='bbox 498 3782 591 3845; x_wconf 83' lang='lat'>493:</span> <span class='ocrx_word' id='word_1_282' title='bbox 626 3774 694 3844; x_wconf 79' lang='grc' dir='ltr'><em>ὥστ’</em></span> <span class='ocrx_word' id='word_1_283' title='bbox 719 3775 804 3853; x_wconf 79' lang='grc' dir='ltr'><em>εἰκὸς</em></span> <span class='ocrx_word' id='word_1_284' title='bbox 826 3775 909 3866; x_wconf 77' lang='grc' dir='ltr'><em>ἡμᾶς</em></span> <span class='ocrx_word' id='word_1_285' title='bbox 930 3775 976 3866; x_wconf 81' lang='grc' dir='ltr'><strong>μὴ</strong></span> <span class='ocrx_word' id='word_1_286' title='bbox 998 3775 1170 3864; x_wconf 75' lang='grc' dir='ltr'><em>βραδύνειν</em></span> <span class='ocrx_word' id='word_1_287' title='bbox 1192 3776 1252 3843; x_wconf 84' lang='grc' dir='ltr'><em>ἐστ’</em></span> <span class='ocrx_word' id='word_1_288' title='bbox 1276 3773 1549 3860; x_wconf 76' lang='grc' dir='ltr'><em>ἐπαναμενούσας,</em></span> 
     </span>
     <span class='ocr_line' id='line_1_33' title="bbox 627 3865 1161 3976; baseline -0.013 0"><span class='ocrx_word' id='word_1_289' title='bbox 627 3865 777 3952; x_wconf 54' lang='lat' dir='ltr'><strong>&#39;&#39;W“</strong></span> <span class='ocrx_word' id='word_1_290' title='bbox 799 3867 1032 3976; x_wconf 46' lang='grc' dir='ltr'><em>’ἔλθ”ῑψθςα</em></span> <span class='ocrx_word' id='word_1_291' title='bbox 1099 3951 1110 3974; x_wconf 85' lang='grc'><strong><em>,</em></strong></span> <span class='ocrx_word' id='word_1_292' title='bbox 1145 3953 1161 3969; x_wconf 92' lang='grc'><em>.</em></span> 
     </span>
     <span class='ocr_line' id='line_1_34' title="bbox 517 3955 1446 4048; baseline -0.002 -25"><span class='ocrx_word' id='word_1_293' title='bbox 517 3961 592 4026; x_wconf 85' lang='lat'>495.</span> <span class='ocrx_word' id='word_1_294' title='bbox 628 3955 674 4048; x_wconf 81' lang='grc' dir='ltr'><strong>μὴ</strong></span> <span class='ocrx_word' id='word_1_295' title='bbox 696 3959 754 4026; x_wconf 87' lang='grc' dir='ltr'><em>καί</em></span> <span class='ocrx_word' id='word_1_296' title='bbox 773 3979 819 4031; x_wconf 75' lang='grc' dir='ltr'><strong>τις</strong></span> <span class='ocrx_word' id='word_1_297' title='bbox 841 3955 941 4046; x_wconf 79' lang='grc' dir='ltr'><em>οψεθ</em></span> <span class='ocrx_word' id='word_1_298' title='bbox 964 3979 1049 4045; x_wconf 67' lang='lat' dir='ltr'><strong>opor</strong></span> <span class='ocrx_word' id='word_1_299' title='bbox 1070 3979 1181 4044; x_wconf 77' lang='grc' dir='ltr'><em>χῃμοκν</em></span> <span class='ocrx_word' id='word_1_300' title='bbox 1204 3955 1280 4032; x_wconf 81' lang='grc' dir='ltr'><em>ἴσως</em></span> <span class='ocrx_word' id='word_1_301' title='bbox 1301 3957 1446 4044; x_wconf 77' lang='grc' dir='ltr'><em>κατείπῃ.</em></span> 
     </span>
     <span class='ocr_line' id='line_1_35' title="bbox 161 4063 1960 4162; baseline 0.007 -35"><span class='ocrx_word' id='word_1_302' title='bbox 161 4063 208 4130; x_wconf 87' lang='lat' dir='ltr'><strong>Sic</strong></span> <span class='ocrx_word' id='word_1_303' title='bbox 227 4092 332 4140; x_wconf 80' lang='lat' dir='ltr'><strong>versus</strong></span> <span class='ocrx_word' id='word_1_304' title='bbox 355 4076 430 4140; x_wconf 79' lang='lat'><strong>495.</strong></span> <span class='ocrx_word' id='word_1_305' title='bbox 455 4077 560 4140; x_wconf 87' lang='lat' dir='ltr'><strong>estin</strong></span> <span class='ocrx_word' id='word_1_306' title='bbox 583 4077 625 4142; x_wconf 75' lang='lat' dir='ltr'><strong>R0.</strong></span> <span class='ocrx_word' id='word_1_307' title='bbox 648 4068 817 4162; x_wconf 73' lang='grc' dir='ltr'><em>θοάἦμας</em></span> <span class='ocrx_word' id='word_1_308' title='bbox 844 4075 913 4140; x_wconf 84' lang='lat' dir='ltr'><strong>sine</strong></span> <span class='ocrx_word' id='word_1_309' title='bbox 939 4075 1040 4140; x_wconf 91' lang='lat' dir='ltr'><strong>dnbio</strong></span> <span class='ocrx_word' id='word_1_310' title='bbox 1067 4075 1152 4138; x_wconf 92' lang='lat' dir='ltr'><strong>nihil</strong></span> <span class='ocrx_word' id='word_1_311' title='bbox 1180 4081 1230 4140; x_wconf 89' lang='lat' dir='ltr'><strong>est</strong></span> <span class='ocrx_word' id='word_1_312' title='bbox 1255 4075 1319 4140; x_wconf 87' lang='lat' dir='ltr'><strong>nisi</strong></span> <span class='ocrx_word' id='word_1_313' title='bbox 1346 4075 1463 4138; x_wconf 89' lang='lat' dir='ltr'><strong>veteris</strong></span> <span class='ocrx_word' id='word_1_314' title='bbox 1489 4075 1663 4158; x_wconf 79' lang='lat' dir='ltr'><strong>scripturae</strong></span> <span class='ocrx_word' id='word_1_315' title='bbox 1691 4075 1960 4158; x_wconf 87' lang='lat' dir='ltr'><strong>supplementum,</strong></span> 
     </span>
     <span class='ocr_line' id='line_1_36' title="bbox 164 4155 1961 4252; baseline 0.007 -36"><span class='ocrx_word' id='word_1_316' title='bbox 164 4155 199 4218; x_wconf 86' lang='lat' dir='ltr'><strong>cb</strong></span> <span class='ocrx_word' id='word_1_317' title='bbox 218 4160 437 4248; x_wconf 75' lang='lat' dir='ltr'><strong>interpolatore</strong></span> <span class='ocrx_word' id='word_1_318' title='bbox 459 4165 648 4248; x_wconf 87' lang='lat' dir='ltr'><strong>profectum,</strong></span> <span class='ocrx_word' id='word_1_319' title='bbox 672 4165 730 4250; x_wconf 89' lang='lat' dir='ltr'><strong>qui</strong></span> <span class='ocrx_word' id='word_1_320' title='bbox 753 4163 888 4229; x_wconf 90' lang='lat' dir='ltr'><strong>credidit</strong></span> <span class='ocrx_word' id='word_1_321' title='bbox 909 4185 967 4246; x_wconf 90' lang='lat' dir='ltr'><strong>pro</strong></span> <span class='ocrx_word' id='word_1_322' title='bbox 990 4157 1089 4252; x_wconf 78' lang='grc' dir='ltr'><em>ὄψεθ’</em></span> <span class='ocrx_word' id='word_1_323' title='bbox 1114 4163 1319 4228; x_wconf 89' lang='lat' dir='ltr'><strong>scribendum</strong></span> <span class='ocrx_word' id='word_1_324' title='bbox 1342 4184 1411 4228; x_wconf 87' lang='lat' dir='ltr'><strong>esse</strong></span> <span class='ocrx_word' id='word_1_325' title='bbox 1433 4159 1533 4251; x_wconf 87' lang='grc' dir='ltr'><em>ὄψεθ’</em></span> <span class='ocrx_word' id='word_1_326' title='bbox 1557 4166 1607 4230; x_wconf 87' lang='lat' dir='ltr'><strong>vel</strong></span> <span class='ocrx_word' id='word_1_327' title='bbox 1633 4165 1739 4229; x_wconf 91' lang='lat' dir='ltr'><strong>simile</strong></span> <span class='ocrx_word' id='word_1_328' title='bbox 1763 4167 1841 4248; x_wconf 91' lang='lat' dir='ltr'><strong>quid</strong></span> <span class='ocrx_word' id='word_1_329' title='bbox 1865 4167 1961 4246; x_wconf 80' lang='lat' dir='ltr'><strong>(alius</strong></span> 
     </span>
     <span class='ocr_line' id='line_1_37' title="bbox 167 4245 1960 4344; baseline 0.001 -26"><span class='ocrx_word' id='word_1_330' title='bbox 167 4245 241 4312; x_wconf 60' lang='lat' dir='ltr'><strong>enim</strong></span> <span class='ocrx_word' id='word_1_331' title='bbox 261 4255 361 4319; x_wconf 86' lang='lat' dir='ltr'><strong>codex</strong></span> <span class='ocrx_word' id='word_1_332' title='bbox 383 4255 516 4337; x_wconf 76' lang='lat' dir='ltr'><strong>praebet</strong></span> <span class='ocrx_word' id='word_1_333' title='bbox 538 4250 649 4343; x_wconf 83' lang='grc' dir='ltr'><em>ὄψεθ’,</em></span> <span class='ocrx_word' id='word_1_334' title='bbox 677 4255 732 4319; x_wconf 82' lang='lat' dir='ltr'><strong>elii</strong></span> <span class='ocrx_word' id='word_1_335' title='bbox 754 4273 865 4318; x_wconf 90' lang='lat' dir='ltr'><strong>rursus</strong></span> <span class='ocrx_word' id='word_1_336' title='bbox 888 4249 1032 4344; x_wconf 83' lang='grc' dir='ltr'><em>ὄψαιιο);</em></span> <span class='ocrx_word' id='word_1_337' title='bbox 1063 4247 1162 4341; x_wconf 78' lang='grc' dir='ltr'><em>ὄψεθ’</em></span> <span class='ocrx_word' id='word_1_338' title='bbox 1185 4259 1293 4317; x_wconf 86' lang='lat' dir='ltr'><strong>eutem</strong></span> <span class='ocrx_word' id='word_1_339' title='bbox 1317 4251 1526 4334; x_wconf 77' lang='lat' dir='ltr'><strong>deprevatum</strong></span> <span class='ocrx_word' id='word_1_340' title='bbox 1551 4253 1686 4319; x_wconf 88' lang='lat' dir='ltr'><strong>videtur.</strong></span> <span class='ocrx_word' id='word_1_341' title='bbox 1732 4255 1830 4320; x_wconf 89' lang='lat' dir='ltr'><strong>Miror</strong></span> <span class='ocrx_word' id='word_1_342' title='bbox 1853 4256 1960 4338; x_wconf 84' lang='lat' dir='ltr'><strong>igitur,</strong></span> 
     </span>
     <span class='ocr_line' id='line_1_38' title="bbox 169 4334 1961 4431; baseline -0.001 -22"><span class='ocrx_word' id='word_1_343' title='bbox 169 4335 244 4410; x_wconf 69' lang='lat' dir='ltr'><strong>quod</strong></span> <span class='ocrx_word' id='word_1_344' title='bbox 261 4341 486 4409; x_wconf 80' lang='lat' dir='ltr'><strong>Beehmannue</strong></span> <span class='ocrx_word' id='word_1_345' title='bbox 513 4345 636 4425; x_wconf 88' lang='lat' dir='ltr'><strong>(Lexici</strong></span> <span class='ocrx_word' id='word_1_346' title='bbox 659 4345 822 4426; x_wconf 85' lang='lat' dir='ltr'><strong>Aristoph.</strong></span> <span class='ocrx_word' id='word_1_347' title='bbox 846 4343 1028 4427; x_wconf 75' lang='lat' dir='ltr'><strong>specimen)</strong></span> <span class='ocrx_word' id='word_1_348' title='bbox 1053 4344 1216 4424; x_wconf 81' lang='lat' dir='ltr'><strong>vulgatum</strong></span> <span class='ocrx_word' id='word_1_349' title='bbox 1244 4337 1304 4427; x_wconf 79' lang='grc' dir='ltr'><strong>(μὴ</strong></span> <span class='ocrx_word' id='word_1_350' title='bbox 1326 4342 1385 4405; x_wconf 86' lang='grc' dir='ltr'><em>καί</em></span> <span class='ocrx_word' id='word_1_351' title='bbox 1408 4363 1454 4415; x_wconf 80' lang='grc' dir='ltr'><strong>τις</strong></span> <span class='ocrx_word' id='word_1_352' title='bbox 1476 4334 1560 4429; x_wconf 77' lang='grc' dir='ltr'><em>ἡμᾶς</em></span> <span class='ocrx_word' id='word_1_353' title='bbox 1586 4337 1717 4431; x_wconf 73' lang='grc' dir='ltr'><em>ὄψεται)</em></span> <span class='ocrx_word' id='word_1_354' title='bbox 1746 4351 1867 4424; x_wconf 86' lang='lat' dir='ltr'><strong>tuetur,</strong></span> <span class='ocrx_word' id='word_1_355' title='bbox 1896 4365 1961 4408; x_wconf 93' lang='lat' dir='ltr'><strong>non</strong></span> 
     </span>
     <span class='ocr_line' id='line_1_39' title="bbox 168 4421 1958 4518; baseline 0.007 -34"><span class='ocrx_word' id='word_1_356' title='bbox 168 4421 313 4496; x_wconf 81' lang='lat' dir='ltr'><strong>offendens</strong></span> <span class='ocrx_word' id='word_1_357' title='bbox 338 4435 373 4498; x_wconf 95' lang='lat' dir='ltr'><strong>in</strong></span> <span class='ocrx_word' id='word_1_358' title='bbox 397 4435 596 4518; x_wconf 88' lang='lat' dir='ltr'><strong>pronominis</strong></span> <span class='ocrx_word' id='word_1_359' title='bbox 618 4434 816 4516; x_wconf 85' lang='lat' dir='ltr'><strong>repetitione.</strong></span> <span class='ocrx_word' id='word_1_360' title='bbox 852 4433 946 4509; x_wconf 77' lang='lat' dir='ltr'><strong>Quod</strong></span> <span class='ocrx_word' id='word_1_361' title='bbox 969 4441 1077 4498; x_wconf 86' lang='lat' dir='ltr'><strong>eutem</strong></span> <span class='ocrx_word' id='word_1_362' title='bbox 1093 4431 1250 4497; x_wconf 90' lang='lat' dir='ltr'><strong>Velsenus</strong></span> <span class='ocrx_word' id='word_1_363' title='bbox 1270 4431 1368 4496; x_wconf 85' lang='lat' dir='ltr'><strong>verbu</strong></span> <span class='ocrx_word' id='word_1_364' title='bbox 1386 4438 1535 4514; x_wconf 81' lang='lat' dir='ltr'><strong>corrupta</strong></span> <span class='ocrx_word' id='word_1_365' title='bbox 1556 4433 1603 4497; x_wconf 81' lang='lat' dir='ltr'><strong>ite</strong></span> <span class='ocrx_word' id='word_1_366' title='bbox 1625 4433 1794 4498; x_wconf 80' lang='lat' dir='ltr'><strong>emendare</strong></span> <span class='ocrx_word' id='word_1_367' title='bbox 1817 4442 1958 4512; x_wconf 83' lang='lat' dir='ltr'><strong>conetur,</strong></span> 
     </span>
     <span class='ocr_line' id='line_1_40' title="bbox 168 4509 1961 4612; baseline -0.002 -20"><span class='ocrx_word' id='word_1_368' title='bbox 168 4515 202 4572; x_wconf 57' lang='grc' dir='ltr'><strong>’λλ</strong></span> <span class='ocrx_word' id='word_1_369' title='bbox 219 4509 260 4601; x_wconf 73' lang='grc' dir='ltr'><strong>μὴ</strong></span> <span class='ocrx_word' id='word_1_370' title='bbox 279 4523 333 4586; x_wconf 72' lang='grc' dir='ltr'><em>καί</em></span> <span class='ocrx_word' id='word_1_371' title='bbox 349 4544 397 4596; x_wconf 76' lang='grc' dir='ltr'><strong>τις</strong></span> <span class='ocrx_word' id='word_1_372' title='bbox 418 4509 593 4598; x_wconf 73' lang='grc' dir='ltr'><em>ἐξόπισθεν</em></span> <span class='ocrx_word' id='word_1_373' title='bbox 614 4512 634 4612; x_wconf 79' lang='grc' dir='ltr'><strong><em>ᾖ</em></strong></span> <span class='ocrx_word' id='word_1_374' title='bbox 657 4517 766 4611; x_wconf 69' lang='grc' dir='ltr'><em>χήμῶν</em></span> <span class='ocrx_word' id='word_1_375' title='bbox 791 4518 867 4588; x_wconf 72' lang='lat' dir='ltr'><strong>tabo</strong></span> <span class='ocrx_word' id='word_1_376' title='bbox 887 4523 1023 4610; x_wconf 73' lang='grc' dir='ltr'><em>κατείπῃ</em></span> <span class='ocrx_word' id='word_1_377' title='bbox 1045 4522 1172 4598; x_wconf 84' lang='lat' dir='ltr'><strong>scribat,</strong></span> <span class='ocrx_word' id='word_1_378' title='bbox 1199 4516 1274 4586; x_wconf 79' lang='grc' dir='ltr'><strong>ἰόών</strong></span> <span class='ocrx_word' id='word_1_379' title='bbox 1297 4521 1454 4605; x_wconf 89' lang='lat' dir='ltr'><strong>recipiens</strong></span> <span class='ocrx_word' id='word_1_380' title='bbox 1477 4543 1497 4586; x_wconf 82' lang='lat' dir='ltr'><strong>a</strong></span> <span class='ocrx_word' id='word_1_381' title='bbox 1518 4521 1691 4600; x_wconf 82' lang='lat' dir='ltr'><strong>Meinelrio,</strong></span> <span class='ocrx_word' id='word_1_382' title='bbox 1714 4523 1793 4587; x_wconf 78' lang='lat' dir='ltr'><strong>haec</strong></span> <span class='ocrx_word' id='word_1_383' title='bbox 1815 4525 1865 4588; x_wconf 84' lang='lat' dir='ltr'><strong>vel</strong></span> <span class='ocrx_word' id='word_1_384' title='bbox 1888 4523 1961 4588; x_wconf 91' lang='lat' dir='ltr'><strong>idco</strong></span> 
     </span>
     <span class='ocr_line' id='line_1_41' title="bbox 165 4601 1961 4701; baseline -0.001 -23"><span class='ocrx_word' id='word_1_385' title='bbox 165 4602 384 4701; x_wconf 62' lang='lat' dir='ltr'><strong>prqbebilitetis</strong></span> <span class='ocrx_word' id='word_1_386' title='bbox 405 4613 513 4696; x_wconf 90' lang='lat' dir='ltr'><strong>specie</strong></span> <span class='ocrx_word' id='word_1_387' title='bbox 539 4633 644 4678; x_wconf 88' lang='lat' dir='ltr'><strong>curere</strong></span> <span class='ocrx_word' id='word_1_388' title='bbox 667 4613 831 4690; x_wconf 87' lang='lat' dir='ltr'><strong>videntur,</strong></span> <span class='ocrx_word' id='word_1_389' title='bbox 862 4613 940 4694; x_wconf 86' lang='lat' dir='ltr'><strong>quie</strong></span> <span class='ocrx_word' id='word_1_390' title='bbox 966 4619 1096 4696; x_wconf 86' lang='lat' dir='ltr'><strong>pectem</strong></span> <span class='ocrx_word' id='word_1_391' title='bbox 1119 4612 1169 4674; x_wconf 89' lang='lat' dir='ltr'><strong>bis</strong></span> <span class='ocrx_word' id='word_1_392' title='bbox 1192 4608 1264 4697; x_wconf 89' lang='lat' dir='ltr'><strong>(cir.</strong></span> <span class='ocrx_word' id='word_1_393' title='bbox 1287 4631 1317 4674; x_wconf 87' lang='lat' dir='ltr'><strong>v.</strong></span> <span class='ocrx_word' id='word_1_394' title='bbox 1343 4611 1416 4674; x_wconf 82' lang='lat'>482.</span> <span class='ocrx_word' id='word_1_395' title='bbox 1440 4606 1486 4696; x_wconf 80' lang='grc' dir='ltr'><strong>μὴ</strong></span> <span class='ocrx_word' id='word_1_396' title='bbox 1511 4607 1576 4676; x_wconf 88' lang='grc' dir='ltr'><strong>πού</strong></span> <span class='ocrx_word' id='word_1_397' title='bbox 1596 4633 1643 4684; x_wconf 75' lang='grc' dir='ltr'><strong>τις</strong></span> <span class='ocrx_word' id='word_1_398' title='bbox 1665 4606 1838 4686; x_wconf 72' lang='grc' dir='ltr'><em>ἐξόπισθεν</em></span> <span class='ocrx_word' id='word_1_399' title='bbox 1860 4601 1904 4675; x_wconf 76' lang='grc' dir='ltr'><strong>ὧν</strong></span> <span class='ocrx_word' id='word_1_400' title='bbox 1926 4609 1961 4676; x_wconf 82' lang='grc' dir='ltr'><strong>τὸ</strong></span> 
     </span>
     <span class='ocr_line' id='line_1_42' title="bbox 166 4697 1960 4790; baseline 0 -24"><span class='ocrx_word' id='word_1_401' title='bbox 166 4703 260 4776; x_wconf 59' lang='lat' dir='ltr'><strong>“tem</strong></span> <span class='ocrx_word' id='word_1_402' title='bbox 277 4697 491 4790; x_wconf 77' lang='grc' dir='ltr'><em>καιαφολόξῃ)</em></span> <span class='ocrx_word' id='word_1_403' title='bbox 513 4702 601 4768; x_wconf 90' lang='lat' dir='ltr'><strong>idem</strong></span> <span class='ocrx_word' id='word_1_404' title='bbox 624 4703 688 4767; x_wconf 82' lang='lat' dir='ltr'><strong>iere</strong></span> <span class='ocrx_word' id='word_1_405' title='bbox 711 4703 831 4768; x_wconf 79' lang='lat' dir='ltr'><strong>dixisse</strong></span> <span class='ocrx_word' id='word_1_406' title='bbox 853 4723 918 4765; x_wconf 94' lang='lat' dir='ltr'><strong>non</strong></span> <span class='ocrx_word' id='word_1_407' title='bbox 940 4709 989 4766; x_wconf 84' lang='lat' dir='ltr'><strong>est</strong></span> <span class='ocrx_word' id='word_1_408' title='bbox 1004 4701 1188 4767; x_wconf 84' lang='lat' dir='ltr'><strong>verisimile.</strong></span> <span class='ocrx_word' id='word_1_409' title='bbox 1227 4699 1350 4764; x_wconf 78' lang='lat' dir='ltr'><strong>Eadem</strong></span> <span class='ocrx_word' id='word_1_410' title='bbox 1373 4699 1414 4762; x_wconf 91' lang='lat' dir='ltr'><strong>ds</strong></span> <span class='ocrx_word' id='word_1_411' title='bbox 1436 4719 1534 4764; x_wconf 79' lang='lat' dir='ltr'><strong>censa</strong></span> <span class='ocrx_word' id='word_1_412' title='bbox 1555 4701 1717 4765; x_wconf 83' lang='lat' dir='ltr'><strong>reicienda</strong></span> <span class='ocrx_word' id='word_1_413' title='bbox 1736 4709 1785 4766; x_wconf 90' lang='lat' dir='ltr'><strong>est</strong></span> <span class='ocrx_word' id='word_1_414' title='bbox 1799 4701 1960 4783; x_wconf 85' lang='lat' dir='ltr'><strong>Blaydesii</strong></span> 
     </span>
     <span class='ocr_line' id='line_1_43' title="bbox 170 4782 1960 4879; baseline 0 -23"><span class='ocrx_word' id='word_1_415' title='bbox 170 4782 328 4879; x_wconf 58' lang='lat' dir='ltr'><strong>Pnjwlure</strong></span> <span class='ocrx_word' id='word_1_416' title='bbox 352 4788 399 4878; x_wconf 70' lang='grc' dir='ltr'><strong>μὴ</strong></span> <span class='ocrx_word' id='word_1_417' title='bbox 425 4791 484 4856; x_wconf 68' lang='lat' dir='ltr'><strong>sat</strong></span> <span class='ocrx_word' id='word_1_418' title='bbox 507 4814 553 4864; x_wconf 77' lang='grc' dir='ltr'><strong>τις</strong></span> <span class='ocrx_word' id='word_1_419' title='bbox 581 4787 727 4868; x_wconf 80' lang='grc' dir='ltr'><em>ἐξόπισθ’</em></span> <span class='ocrx_word' id='word_1_420' title='bbox 760 4787 835 4856; x_wconf 78' lang='grc' dir='ltr'><em>ἰδὼν</em></span> <span class='ocrx_word' id='word_1_421' title='bbox 861 4784 951 4877; x_wconf 71' lang='grc' dir='ltr'><em>ἡμῶν</em></span> <span class='ocrx_word' id='word_1_422' title='bbox 978 4787 1036 4856; x_wconf 76' lang='grc' dir='ltr'><strong>ἰὼν</strong></span> <span class='ocrx_word' id='word_1_423' title='bbox 1062 4790 1207 4878; x_wconf 81' lang='grc' dir='ltr'><em>κατείπῃ.</em></span> <span class='ocrx_word' id='word_1_424' title='bbox 1253 4789 1416 4854; x_wconf 76' lang='lat' dir='ltr'><strong>Scribetrrr</strong></span> <span class='ocrx_word' id='word_1_425' title='bbox 1443 4783 1491 4875; x_wconf 76' lang='grc' dir='ltr'><strong>μὴ</strong></span> <span class='ocrx_word' id='word_1_426' title='bbox 1517 4789 1577 4854; x_wconf 87' lang='grc' dir='ltr'><em>καί</em></span> <span class='ocrx_word' id='word_1_427' title='bbox 1600 4811 1645 4864; x_wconf 79' lang='grc' dir='ltr'><strong>τις</strong></span> <span class='ocrx_word' id='word_1_428' title='bbox 1671 4783 1729 4879; x_wconf 84' lang='grc' dir='ltr'><em>ὄψ’</em></span> <span class='ocrx_word' id='word_1_429' title='bbox 1757 4785 1960 4875; x_wconf 71' lang='grc' dir='ltr'><em>ἀφικομένων</em></span> 
     </span>
     <span class='ocr_line' id='line_1_44' title="bbox 171 4870 1202 4969; baseline -0.001 -24"><span class='ocrx_word' id='word_1_430' title='bbox 171 4879 247 4945; x_wconf 62' lang='lat' dir='ltr'><strong>lim</strong></span> <span class='ocrx_word' id='word_1_431' title='bbox 266 4870 318 4944; x_wconf 71' lang='grc' dir='ltr'><strong>λῶν</strong></span> <span class='ocrx_word' id='word_1_432' title='bbox 338 4882 492 4969; x_wconf 75' lang='grc' dir='ltr'><em>κατείπῃς</em></span> <span class='ocrx_word' id='word_1_433' title='bbox 515 4881 571 4947; x_wconf 88' lang='lat' dir='ltr'><strong>sed</strong></span> <span class='ocrx_word' id='word_1_434' title='bbox 592 4882 811 4966; x_wconf 81' lang='lat' dir='ltr'><strong>probabiliore</strong></span> <span class='ocrx_word' id='word_1_435' title='bbox 832 4882 915 4944; x_wconf 92' lang='lat' dir='ltr'><strong>mihi</strong></span> <span class='ocrx_word' id='word_1_436' title='bbox 937 4881 1088 4946; x_wconf 86' lang='lat' dir='ltr'><strong>videntur</strong></span> <span class='ocrx_word' id='word_1_437' title='bbox 1109 4883 1202 4946; x_wconf 80' lang='lat' dir='ltr'><strong>baec:</strong></span> 
     </span>
     <span class='ocr_line' id='line_1_45' title="bbox 598 4981 1507 5077; baseline -0.002 -24"><span class='ocrx_word' id='word_1_438' title='bbox 598 4985 645 5077; x_wconf 76' lang='grc' dir='ltr'><strong>μὴ</strong></span> <span class='ocrx_word' id='word_1_439' title='bbox 667 4990 725 5054; x_wconf 85' lang='grc' dir='ltr'><em>καί</em></span> <span class='ocrx_word' id='word_1_440' title='bbox 743 5011 789 5062; x_wconf 79' lang='grc' dir='ltr'><strong>τις</strong></span> <span class='ocrx_word' id='word_1_441' title='bbox 812 4981 931 5077; x_wconf 76' lang='grc' dir='ltr'><em>ὄψεθ’</em></span> <span class='ocrx_word' id='word_1_442' title='bbox 954 4983 1128 5054; x_wconf 70' lang='grc' dir='ltr'><em>ὑπονοῶν</em></span> <span class='ocrx_word' id='word_1_443' title='bbox 1151 4981 1261 5076; x_wconf 77' lang='grc' dir='ltr'><em>χήμῶν</em></span> <span class='ocrx_word' id='word_1_444' title='bbox 1284 4981 1341 5052; x_wconf 71' lang='grc' dir='ltr'><em>λόον</em></span> <span class='ocrx_word' id='word_1_445' title='bbox 1361 4987 1507 5075; x_wconf 73' lang='grc' dir='ltr'><em>καπίπῃ.</em></span> 
     </span>
    </p>

    <p class='ocr_par' dir='ltr' id='par_1_5' title="bbox 166 5073 1958 5270">
     <span class='ocr_line' id='line_1_46' title="bbox 167 5073 1958 5184; baseline -0.002 -20"><span class='ocrx_word' id='word_1_446' title='bbox 167 5073 198 5184; x_wconf 55' lang='lat'><strong>{¹-</strong></span> <span class='ocrx_word' id='word_1_447' title='bbox 215 5101 239 5147; x_wconf 76' lang='grc' dir='ltr'><strong>θ·</strong></span> <span class='ocrx_word' id='word_1_448' title='bbox 271 5090 328 5158; x_wconf 72' lang='lat' dir='ltr'><strong>’Ne</strong></span> <span class='ocrx_word' id='word_1_449' title='bbox 349 5099 421 5180; x_wconf 89' lang='lat' dir='ltr'><strong>quis</strong></span> <span class='ocrx_word' id='word_1_450' title='bbox 444 5098 535 5174; x_wconf 89' lang='lat' dir='ltr'><strong>forte,</strong></span> <span class='ocrx_word' id='word_1_451' title='bbox 559 5105 723 5180; x_wconf 84' lang='lat' dir='ltr'><strong>suspectus</strong></span> <span class='ocrx_word' id='word_1_452' title='bbox 746 5097 903 5174; x_wconf 81' lang='lat' dir='ltr'><strong>iudicans,</strong></span> <span class='ocrx_word' id='word_1_453' title='bbox 927 5117 985 5160; x_wconf 90' lang='lat' dir='ltr'><strong>nos</strong></span> <span class='ocrx_word' id='word_1_454' title='bbox 1008 5096 1259 5180; x_wconf 86' lang='lat' dir='ltr'><strong>comprehendet</strong></span> <span class='ocrx_word' id='word_1_455' title='bbox 1280 5115 1361 5162; x_wconf 84' lang='lat' dir='ltr'><strong>neve</strong></span> <span class='ocrx_word' id='word_1_456' title='bbox 1380 5095 1528 5160; x_wconf 77' lang='lat' dir='ltr'><strong>indicet«</strong></span> <span class='ocrx_word' id='word_1_457' title='bbox 1567 5089 1627 5158; x_wconf 78' lang='grc' dir='ltr'><strong>ἰόν</strong></span> <span class='ocrx_word' id='word_1_458' title='bbox 1647 5095 1771 5161; x_wconf 88' lang='lat' dir='ltr'><strong>invenit</strong></span> <span class='ocrx_word' id='word_1_459' title='bbox 1786 5096 1958 5180; x_wconf 85' lang='lat' dir='ltr'><strong>Dobraeus,</strong></span> 
     </span>
     <span class='ocr_line' id='line_1_47' title="bbox 166 5181 1536 5270; baseline 0.004 -25"><span class='ocrx_word' id='word_1_460' title='bbox 166 5185 295 5260; x_wconf 62' lang='grc' dir='ltr'><em>ωαυμαι</em></span> <span class='ocrx_word' id='word_1_461' title='bbox 315 5195 418 5252; x_wconf 65' lang='lat' dir='ltr'><strong>subm</strong></span> <span class='ocrx_word' id='word_1_462' title='bbox 441 5195 475 5253; x_wconf 90' lang='lat' dir='ltr'><strong>et</strong></span> <span class='ocrx_word' id='word_1_463' title='bbox 495 5181 624 5252; x_wconf 73' lang='grc' dir='ltr'><em>ὑπονοῶ</em></span> <span class='ocrx_word' id='word_1_464' title='bbox 646 5190 715 5252; x_wconf 89' lang='lat' dir='ltr'><strong>sine</strong></span> <span class='ocrx_word' id='word_1_465' title='bbox 738 5187 805 5251; x_wconf 93' lang='lat' dir='ltr'><strong>ullo</strong></span> <span class='ocrx_word' id='word_1_466' title='bbox 827 5187 1047 5252; x_wconf 80' lang='lat' dir='ltr'><strong>additamento</strong></span> <span class='ocrx_word' id='word_1_467' title='bbox 1070 5187 1148 5269; x_wconf 92' lang='lat' dir='ltr'><strong>poni</strong></span> <span class='ocrx_word' id='word_1_468' title='bbox 1170 5206 1263 5270; x_wconf 85' lang='lat' dir='ltr'><strong>posse</strong></span> <span class='ocrx_word' id='word_1_469' title='bbox 1285 5186 1391 5250; x_wconf 75' lang='lat' dir='ltr'><strong>lexico</strong></span> <span class='ocrx_word' id='word_1_470' title='bbox 1412 5185 1536 5250; x_wconf 89' lang='lat' dir='ltr'><strong>docent.</strong></span> 
     </span>
    </p>
   </div>
   <div class='ocr_carea' id='block_1_5' title="bbox 0 0 2270 5812">
    <p class='ocr_par' dir='ltr' id='par_1_6' title="bbox 0 0 2270 5812">
     <span class='ocr_line' id='line_1_48' title="bbox 0 0 2270 5812; baseline 0 0"><span class='ocrx_word' id='word_1_471' title='bbox 0 0 2270 5812; x_wconf 95' lang='lat' dir='ltr'><strong> </strong></span> 
     </span>
    </p>
   </div>
  </div>
 </body>
</html>
