4528 5818
1057 365 1379 430 1-2...-

844 555 902 642 eye
925 562 962 626 δέ
982 556 1061 643 γ’ἄν,
1084 584 1137 628 κει
1121 555 1334 650 ”p'dcrrspei
1355 557 1504 670 ηιηιιαν
1501 560 1569 626 δέοι

840 647 1006 732 μεταδοῦν’
1031 648 1167 740 ἐμαιπῦης
1190 669 1435 738 παραιεμοοσαν
1458 645 1591 737 θημισν.

307 763 368 830 Ille
395 763 548 848 denique,
581 785 680 848 quam
703 766 866 830 Bentleius
893 769 970 832 clim
997 757 1146 850 protulit,
1178 772 1360 835 coniectura
1389 769 1494 834 δαίειν
1522 761 1663 872 ἐμαννην
1690 785 1756 829 non
1783 765 1888 830 solum
1912 764 2016 829 ideo'
2008 785 2139 848 unpro-

308 854 486 920 bandat
437 862 495 933 est,
519 855 606 937 quod
625 856 760 919 Homeri
779 856 858 920 haec
880 877 943 920 vox
962 865 1013 922 est
1011 861 1145 961 (Attici
1168 859 1326 924 dixissent
1348 858 1469 924 διελεῖν
1488 851 1688 942 μ’ἐμαννην),
1713 855 1768 920 sed
1785 857 1883 920 etiem
1899 855 2030 936 quodv.
2050 856 2139 918 132.

307 946 484 1026 Lysistrata
506 946 678 1028 respondet
699 945 827 1031 ἔφησθα
850 942 964 1032 σανιῦγς
983 936 1045 1012 κᾶν
1067 955 1263 1036 παραιεμεόν
1286 943 1420 1036 θῆμισυ

469 1035 683 1099 Scribendum
706 1040 755 1098 est
777 1036 900 1118 potius:

839 1141 898 1224 ἐγοι
922 1145 958 1208 δέ
978 1139 1056 1225 γ’ἄν,
1079 1135 1148 1211 κᾶν
1171 1140 1340 1231 ώσπερεὶ
1360 1139 1509 1246 ψῆτταν
1531 1138 1668 1208 δοκοῦν

840 1228 978 1297 δοῦναί
997 1227 1172 1322 μ’ἐμιινιης
1193 1229 1473 1322 παραιεμοῦσαν
1496 1228 1630 1320 θῆμισυ.

308 1333 422 1404 δοκοῦν
444 1339 532 1404 enim
555 1338 714 1404 idemt
665 1345 714 1403 est
737 1338 823 1422 quod
847 1361 878 1404 ει
867 1335 1019 1428 ’δοκοίη
1043 1349 1079 1407 ut
1098 1345 1177 1408 haec
1192 1343 1307 1410 evadet
1326 1341 1541 1406 sententian
1527 1361 1603 1422 »ego
1627 1345 1744 1416 autem,
1769 1339 1897 1404 etiamsi
1920 1358 1973 1401 me
1995 1338 2138 1406 rhombi

307 1429 409 1492 instar
442 1429 614 1493 dimidiam
648 1429 713 1492 mei
749 1430 888 1512 corporis
923 1439 1046 1512 partem
1081 1433 1228 1498 desecare
1262 1434 1535 1512 desectamquet
1521 1429 1645 1494 tradere
1680 1389 1770 1493 vobis
1803 1429 1973 1510 placuerit,
2012 1435 2136 1492 tamen

306 1519 458 1584 adiuvere
486 1526 518 1583 ιε
545 1525 657 1600 parate
679 1519 773 1582 sim«.
826 1519 898 1583 Non
925 1521 1018 1584 aliter
1046 1523 1231 1600 scholiasta,
1260 1543 1357 1630 quem
1385 1529 1495 1585 tamen
1523 1515 1607 1623 δοκῇ
1626 1519 1741 1600 legisse
1769 1523 1916 1600 apertum
1944 1525 2006 1596 est,
2035 1519 2136 1584 hunc

307 1628 435 1673 versum
458 1608 626 1686 intellexit,
651 1628 725 1672 oum
748 1608 843 1672 dixit:
868 1597 928 1672 κᾶν
951 1607 1054 1698 συμβῇ
1076 1608 1298 1694 τέμνεσθαι“
1269 1634 1305 1676 το
1326 1604 1427 1698 ἥμισύ
1448 1631 1524 1692 μον,
1546 1603 1714 1693 βούλομαι.

465 1735 624 1816 Lysistr.
655 1733 742 1797 306:
778 1733 898 1798 Senum
934 1737 1066 1815 chorus,
1102 1745 1223 1818 quante
1254 1737 1399 1801 maxima
1425 1739 1529 1818 potest
1556 1735 1740 1810 celeritate,
1769 1731 1950 1796 aseendit'
1941 1753 1976 1796 m
2005 1753 2131 1808 arcem,

307 1843 406 1904 quam
429 1823 619 1888 mulieribus
642 1823 767 1906 eripiat,
791 1831 905 1902 vectes,
931 1833 1093 1892 sarmenta
1115 1827 1215 1905 arida,
1239 1828 1319 1893 ollas
1341 1826 1543 1891 carbonarias
1566 1845 1674 1889 secum
1694 1829 1834 1904 portans.
1875 1823 1956 1886 Cum
1977 1823 2018 1886 ad
2039 1823 2133 1885 iores

306 1913 505 1991 secesserint,
530 1915 686 1994 choragus
709 1913 800 1976 haec:

612 2029 686 2092 306.
732 2023 818 2092 ιοντὶ
840 2023 875 2093 τὸ
874 2025 961 2133 πῦρ
985 2025 1153 2139 ἐγρήγοεν
1175 2028 1260 2100 θειῦν
1284 2031 1372 2098 ἕκατι
1392 2025 1448 2094 καὶ
1472 2024 1519 2130 ζῇ.

732 2109 848 2182 οῦκοῦν
870 2108 910 2183 ἂν
933 2108 1048 2184 οῦν
1012 2144 1054 2184 τοι
1075 2053 1153 2230 μεν
1159 2116 1245 2198 ξύλω
1268 2115 1432 2226 θώμεσθα
1449 2113 1572 2204 πριῦιον
1595 2113 1702 2196 αὐτόν,

731 2203 785 2314 τῆς
808 2200 955 2288 ἄμπελον
978 2207 1092 2283 aa*
1050 2231 1117 2318 νην
1139 2207 1257 2316 ηιίιραν
1278 2206 1333 2275 ιὸν
1354 2203 1459 2295 φανὸν
1481 2207 1665 2290 ἐγκαθέντες

731 2289 873 2412 αηιαντες
895 2289 952 2362 εἶτ’
975 2294 1060 2372 ἐς
1030 2321 1085 2386 νην
1108 2295 1213 2387 θῦραν
1235 2296 1367 2388 κριηδὸν
1388 2297 1596 2380 ἐμπέσοιμεν.

613 2383 1065 2504 310.κῦνμ1ηκαλοῦνιαην
1087 2394 1159 2504 ηοὸς
1180 2395 1325 2510 μοχλοὺς
1342 2393 1477 2480 γαλιῦοιν
1499 2396 1537 2460 αἱ
1557 2401 1711 2478 γυναῖκες,

733 2481 963 2594 ἐμπιμπράναι
986 2482 1045 2592 χρὴ
1067 2483 1121 2560 τὰς
1143 2483 1259 2590 θύρας
1270 2483 1390 2590 κα1”ιη1
1412 2481 1524 2570 καπνῷ
1546 2485 1677 2562 πιέζειν.

731 2569 890 2655 θώμεσθα
912 2569 1001 2662 6i2⁸
973 2597 1009 2640 το
1030 2577 1171 2662 φορτίον.
1196 2573 1259 2662 φεῦ
1281 2573 1337 2642 νοῦ
1358 2571 1494 2656 καπνοῦ,
1517 2569 1662 2660 βαβαιάξ.

304 2697 355 2760 Ite
377 2699 412 2759 ln
435 2696 475 2758 R⁶
499 2694 534 2756 hi
557 2711 665 2757 versus
688 2692 847 2774 leguntur,
872 2691 928 2755 sed
951 2713 1049 2773 quam
1073 2695 1157 2758 male
1179 2715 1213 2759 se
1235 2695 1377 2760 habeant
1398 2717 1428 2759 v.
1452 2693 1637 2770 tor—309,
1661 2693 1735 2774 quis
1755 2691 1880 2773 estqui
1900 2712 1966 2756 non
1990 2690 2122 2756 videat?

305 2787 431 2866 Engero
454 2783 603 2849 videntur
625 2781 788 2846 emendati
810 2799 830 2844 a
852 2781 983 2846 Custero
1007 2789 1039 2845 et
1060 2783 1230 2862 Brunckio,
1255 2787 1313 2867 qui
1336 2791 1444 2850 tamen
1467 2803 1541 2848 mea
1562 2783 1695 2864 quidem
1715 2783 1866 2863 opinione
1886 2781 2005 2844 frustra
2023 2782 2057 2846 in
2077 2783 2119 2844 iis

305 2873 499 2956 corrigendis
521 2871 662 2935 laborem
685 2877 963 2953 consumpserunt.
1007 2871 1149 2938 Credunt
1171 2875 1258 2938 enim
1281 2881 1368 2940 certa
1390 2879 1446 2938 aut
1467 2873 1627 2954 probabili
1649 2872 1832 2938 coniectura
1854 2872 1960 2936 locum
1984 2871 2018 2934 in
2041 2872 2115 2934 inte·

304 2984 398 3045 grum
420 2962 555 3039 restitui,
579 2961 607 3024 si
629 2961 676 3026 ita
696 2961 834 3042 legatur:

730 3069 847 3140 οὔκουν
869 3070 920 3154 ἄν,
944 3072 976 3141 εἰ
996 3071 1038 3140 ai
1059 3075 1121 3159 μὲν
1143 3073 1228 3184 ξολιν
1250 3079 1415 3186 θείμεσθα
1438 3072 1562 3162 πρώιον
1584 3069 1691 3156 αῦιιιῦ,

729 3159 784 3272 τῆς
806 3156 953 3246 ιἰμπέλοο
975 3163 1090 3239 aa*
1050 3187 1115 3274 νην
1137 3163 1257 3272 χύτρον
1278 3164 1332 3233 τὸν
1354 3163 1459 3252 φανὸν
1481 3164 1664 3248 ἐγκαθέντες

729 3248 871 3342 αψανιες
893 3245 950 3320 εἰσ
973 3252 1060 3328 ές
1028 3277 1085 3342 την
1107 3252 1213 3342 θῦραν
1234 3253 1366 3346 κριηδὸν
1388 3255 1603 3339 ἐμπέσοιμενς

305 3377 395 3451 Quae
418 3373 445 3438 11
467 3379 550 3436 recte
574 3391 607 3436 se
635 3371 804 3446 haberent,
834 3392 935 3436 novae
962 3393 1073 3437 ereren
1074 3379 1126 3438 tur
1074 3373 1369 3439 tdifficultates.
1415 3374 1559 3437 Primum
1586 3372 1687 3450 enim,
1720 3372 1906 3453 praesertim
1935 3393 2009 3436 cum
2031 3377 2118 3436 totus
2252 3419 2253 3442 ,

304 3466 420 3529 chorus
443 3461 609 3566 pugnandi
633 3460 808 3541 cupiditate
831 3461 950 3538 ardeat
975 3461 1032 3524 illa
1054 3463 1184 3544 ohoragi
1205 3464 1424 3545 interrogatio,
1454 3483 1519 3544 qus
1546 3461 1637 3524 nulla
1662 3462 1836 3526 modestior
1859 3462 1989 3542 cogitari
2012 3467 2119 3543 potest

305 3549 434 3636 (οὔκουν
457 3540 497 3616 ἂν
519 3549 743 3632 ἐμπέσοιμεν),
768 3550 880 3632 inepta
902 3555 998 3628 esset,
1023 3557 1095 3616 tum
1116 3573 1175 3634 pro
1197 3573 1245 3631 eo,
1269 3551 1356 3633 quod
1378 3513 1427 3615 illi
1442 3552 1646 3616 coniecerunt
1665 3546 1711 3631 (εἰ
1725 3551 1916 3632 θείμεσθα),
1941 3550 2116 3614 necessario

303 3642 509 3707 scribendum
532 3647 615 3705 esset
637 3641 772 3720 θέμενοι
793 3640 1009 3742 perticipium.
1049 3643 1117 3724 Ego
1140 3642 1303 3723 quidem'
1293 3663 1329 3704 111
1349 3641 1466 3722 lingeri
1485 3641 1677 3705 sententiam
1700 3641 1872 3706 concedere
1891 3663 1956 3705 non
1976 3657 2116 3722 possum,

305 3752 412 3814 neque
434 3731 548 3796 dubito
572 3730 641 3811 (cir
667 3730 731 3792 312
754 3723 911 3810 θώμεσθα
932 3727 1011 3810 κτλ.)
1035 3727 1115 3811 quin
1137 3737 1250 3815 poetae
1272 3731 1351 3796 haec
1373 3731 1440 3796 sint
1462 3729 1637 3794 reddenda:

677 3838 819 3909 οὐκοῦν
841 3839 884 3910 τὸ
905 3840 973 3909 νῦν
994 3841 1040 3908 τὸ
1062 3845 1135 3928 μὲν
1158 3841 1259 3922 ξῦλοι
1282 3839 1468 3928 θώμεσθα
1491 3841 1615 3932 πρώιον
1636 3839 1768 3926 αὐτοῦ,

677 3929 731 4042 νῆς
753 3926 904 4016 ἀμπέλου
925 3931 1039 4006 δ’ἐς“
996 3955 1065 4041 νην
1086 3931 1205 4040 γῦνραν
1226 3931 1281 4001 ιὸν
1303 3931 1407 4020 φανὸν
1429 3935 1612 4018 ἐγκαθέιαες

678 4017 819 4112 αψανιες
840 4014 938 4088 11σέ
921 4021 954 4096 ἐς
975 4045 1032 4110 την
1053 4020 1159 4110 θύραν
1180 4021 1312 4114 κριηδὸν
1334 4024 1574 4109 ἐμπέσωμεν

304 4143 393 4218 Quae
420 4141 518 4206 verba
544 4140 698 4205 facilem
727 4160 776 4217 eu,
813 4159 896 4221 quae
923 4141 958 4205 in
986 4141 1149 4205 codicibus
1176 4143 1398 4222 inveniuntur,
1434 4143 1601 4249 depravari
1628 4149 1809 4226 potuerunt.
1862 4141 2025 4206 Sententia
2053 4144 2113 4202 est:

310 4233 433 4307 »Quare
455 4231 510 4294 hic
532 4237 637 4294 vectes
659 4229 869 4312 deponamus,
894 4229 997 4294 facem
1020 4237 1130 4296 autem
1152 4231 1303 4296 viteam
1294 4255 1330 4296 ιιι
1352 4233 1486 4297 ollam'
1477 4234 1656 4296 immissam
1688 4232 1984 4297 accendamuset
1939 4237 2011 4295 trn
2033 4230 2117 4293 fores

303 4322 405 4404 impet
405 4341 462 4384 um
491 4320 677 4383 iaciamus«
726 4319 835 4381 Minus
863 4319 1001 4400 placeret
987 4320 1062 4383 tid
1092 4320 1179 4402 quod
1207 4319 1394 4404 Blaydesius
1422 4321 1570 4386 coniecit:
1602 4313 1718 4425 οῦκοῦν
1747 4316 1909 4404 γομαὶ“
1874 4344 1916 4384 ιω
1943 4318 2004 4401 μὲν
2033 4313 2117 4394 ξνλοι

302 4406 460 4493 θώμεσθα
484 4403 608 4494 πρῦιαν
630 4400 726 4472 αὐτοῦ
749 4414 781 4471 et
804 4415 915 4490 postea
938 4405 1137 4492 ἐμπέσωμεν.

463 4537 622 4620 Lysistr.
647 4533 734 4598 486:
768 4533 913 4597 Provisor
940 4533 1006 4598 sive
1029 4535 1199 4616 probulus,
1227 4535 1444 4617 achorago
1434 4553 1541 4600 russus
1569 4534 1718 4602 mulieres
1745 4543 1886 4604 astantes
1912 4537 2115 4616 interrogare,

307 4647 373 4708 qua
394 4626 435 4689 de
457 4645 569 4690 causa
575 4643 646 4689 arce
668 4623 788 4705 potitae
810 4622 884 4700 sint,
909 4641 962 4686 eas
985 4621 1055 4687 adit
1076 4623 1199 4688 dicens:

673 4734 730 4803 καὶ
751 4759 817 4824 μην
839 4731 941 4802 αὐτῶν
964 4733 1045 4844 ιοηι*
1068 4735 1275 4845 taccat*
1237 4761 1281 4842 νη
1303 4735 1357 4806 ιὸν
1379 4740 1442 4806 Δία
1465 4735 1572 4826 προῦια
1595 4745 1768 4824 πνθέσθαι,

675 4849 744 4892 οτι
765 4821 1014 4912 cecropem*
984 4847 1040 4914 ιην
1062 4821 1202 4894 πόλιν“
1181 4824 1272 4915 ημῶν
1294 4823 1492 4918 ἀπεκλῄσατε
1513 4838 1595 4897 ιοῑσι
1616 4835 1794 4916 μοχλοῖσιν.

301 4949 431 5026 Ριοεο,
456 4945 543 5027 quod
566 4953 614 5010 est
638 4944 797 5022 inlibris,
822 4935 934 5018 αοτιῦν,
963 4963 1026 5024 quo
1049 4946 1085 5010 in
1107 4946 1390 5052 pronomineiure
1412 4948 1579 5016 offendunt
1602 4949 1747 5029 editores,
1771 4949 1926 5031 Bergkius
1948 4945 2115 5032 proposuit

301 5031 403 5116 οὗτός,
425 4999 630 5100 iiamakems
655 5029 791 5112 πάντων,
819 5031 877 5096 sed
899 5038 1057 5112 praestare
1077 5027 1245 5100 videtur‘
1225 5031 1340 5117 νμιῦν.
1380 5038 1557 5120 Equidem
1581 5041 1686 5105 hercle
1709 5043 1770 5104 hoc
1793 5041 1934 5120 primum
1957 5039 2051 5120 cupio
2073 5057 2114 5100 ex

302 5129 393 5198 vobis
416 5146 576 5210 quaerere,
601 5145 664 5205 quo
688 5080 820 5187 oonsilio
843 5141 948 5184 arcem
972 5131 1113 5187 ιιοειιοιιι
1137 5127 1296 5208 repagulis
1319 5128 1543 5193 occluserit
1472 5136 1543 5194 tm«
1586 5131 1633 5192 De
1656 5129 1768 5194 eodem
1788 5129 1979 5211 pronomine
1999 5121 2113 5208 (ῦμιῦν)
