4528 5818
925 377 1249 440 -3-

165 575 372 680 cogitaverat
392 573 591 656 Blaydesius‚
615 577 672 656 qui
693 581 800 640 tarn'en
820 593 908 638 nunc
930 575 1068 656 praefert
1090 567 1192 639 αὐτων
1214 581 1247 640 st
1268 568 1287 638 ὅ
1308 595 1338 637 ιτ
1359 569 1607 658 βουλομένω
1576 596 1633 660 την
1657 572 1754 640 πόλιν
1782 571 1879 648 οὕτως
1902 572 1994 662 ἡμῶν

165 664 312 744 μοχλοῖς
333 657 525 750 ἇπέκλησαν.
572 665 665 738 Quod
689 671 781 742 certe,
806 683 880 727 eum
904 663 1081 745 Lysistrata
1103 665 1214 730 statim
1237 665 1439 746 respondeat,
1416 665 1546 728 tnihil
1570 665 1668 730 habet
1690 667 1936 748 probabilitatis

338 774 496 855 Lysistr.
523 773 611 835 554:
648 773 740 852 Lysis
742 778 825 836 trata
847 771 999 874 probulo
1005 772 1148 852 exponit,
1174 773 1253 852 quid
1277 772 1428 837 mulieres
1451 773 1492 836 de
1515 773 1592 837 viris
1615 772 1721 837 decret
1708 779 1797 838 turae
1820 775 1894 841 sint.

430 863 502 943 Lys.
550 851 648 940 οἶμαί
668 882 745 966 ποτε
768 854 957 962 Λυσιμάχας
979 853 1061 962 ἡμᾶς
1084 858 1207 932 ἐντοῖς
1222 855 1353 963 Ἕλλησι
1374 861 1555 927 καλεῖσθαι.

428 953 518 1015 Prov.
549 952 583 1013 τί
603 945 798 1052 ποιησάσαςς
821 952 893 1032 Lys
919 938 958 1036 ἢν
981 943 1154 1058 παύσωμεν
1177 945 1349 1035 πρώτιστον
1371 949 1433 1034 μὲν
1455 946 1513 1026 ξὺν
1535 943 1682 1016 ὅπλοισιν

551 1031 755 1124 ἀγοράζοντας
776 1035 832 1103 καί
854 1042 1078 1120 μαινομένους.

171 1153 208 1192 v.
227 1131 357 1194 esem
382 1130 551 1212 participio
574 1133 789 1210 μαινομένους
804 1129 940 1194 offendit
955 1129 1085 1208 (Annei.
1105 1127 1260 1210 1878)0.
1278 1130 1499 1208 Schneiderus,
1524 1131 1573 1194 vir
1588 1130 1627 1195 ds
1643 1131 1857 1216 Aristophane
1872 1135 1993 1215 optime

174 1219 320 1297 meritus,
341 1219 522 1324 perspicere
546 1240 579 1282 se
603 1240 733 1300 negans,
758 1240 814 1282 cur
837 1219 893 1300 qui
917 1219 953 1281 in
975 1219 1044 1282 soro
1067 1239 1173 1282 rerum
1198 1219 1358 1284 venalium
1379 1241 1492 1286 versun
1493 1226 1545 1284 tur
1561 1221 1621 1284 viri
1644 1223 1760 1285 armati
1783 1223 1846 1288 diei
1870 1225 1993 1306 possint

170 1304 231 1372 καί
252 1304 456 1390 μαινόμενοι.
501 1310 630 1372 Nam
616 1311 692 1388 qui
719 1309 765 1373 ite
792 1309 967 1384 faciebant,
941 1308 1119 1388 tinquit,
1150 1329 1207 1388 per
1236 1329 1270 1372 se
1298 1309 1431 1390 quidem
1453 1332 1519 1374 non
1542 1311 1704 1374 iaciebant
1727 1312 1814 1393 qued
1836 1309 1992 1393 μανιῶδες

168 1406 272 1472 esset,
308 1400 365 1462 sed
399 1399 561 1462 iaciebant
594 1393 723 1482 ντρῖτγμα
756 1396 897 1478 γέλοιον,
932 1403 970 1462 ut
1003 1397 1073 1478 ipsa
1108 1399 1286 1480 Lysistrata
1319 1398 1400 1463 dicit
1432 1421 1459 1462 ν.
1490 1401 1583 1464 559.ι
1638 1399 1741 1464 Seribi
1775 1401 1874 1483 igitur
1908 1404 1989 1468 vult:

168 1482 381 1574 ἀγοράζοντας
401 1483 457 1552 καὶ
478 1491 689 1568 μαιομένσυς,
718 1495 829 1569 poetas
853 1487 1019 1552 vindicans
1042 1507 1153 1550 vocem
1177 1489 1218 1550 ab
1241 1489 1347 1552 Attico
1371 1509 1516 1552 sermone
1539 1489 1693 1566 alienam,
1718 1511 1818 1572 quam
1840 1492 1887 1555 ita
1908 1495 1991 1556 tueri

170 1586 322 1655 conatur,
357 1579 516 1642 utillum
543 1579 606 1642 alia
636 1599 764 1660 quoque
794 1579 891 1642 verba
919 1576 961 1640 ab
987 1577 1131 1641 Homero
1161 1578 1337 1660 sumpsisse
1363 1579 1459 1642 dieat.
1509 1578 1573 1644 Sed
1600 1579 1628 1642 si
1658 1601 1769 1660 reapse
1793 1583 1992 1685 μαιομένσυς

170 1629 385 1752 Aristophani
413 1667 613 1731 reddendum
640 1675 737 1744 esset,
767 1673 876 1730 tamen
903 1687 967 1729 nen
995 1667 1106 1728 omnia
1133 1672 1216 1730 reete
1244 1687 1278 1730 se
1305 1666 1468 1732 haherent.
1515 1669 1695 1732 Nemeum
1720 1689 1761 1733 ex
1783 1661 1991 1754 ἀγοράζοντας

168 1759 264 1822 nullo
286 1758 384 1822 modo
408 1758 450 1820 ad
471 1760 666 1838 μαιομένοος
689 1717 794 1820 audiri
817 1756 919 1838 possit
905 1747 1020 1820 ιέν’
999 1750 1114 1839 αγορᾷ,
1142 1777 1207 1819 non
1235 1762 1284 1818 est
1271 1757 1448 1821 tdubium
1471 1759 1552 1839 quin
1573 1759 1631 1822 καί
1653 1779 1781 1841 quoque
1805 1766 1991 1868 corruptum

169 1849 228 1910 sit.
273 1847 476 1929 Blaydesius,
505 1847 575 1910 sine
605 1845 767 1909 dublein
796 1845 908 1909 eodem
931 1845 1027 1909 verbo
1053 1844 1233 1922 offendens,
1262 1847 1414 1928 proponit
1439 1840 1644 1931 ἅγοραζοντας
1672 1844 1742 1930 γὼς
1764 1853 1989 1930 μαινομένους,

172 1957 258 2038 quae
285 1939 468 2000 coniectura
498 1942 581 2000 certe
604 1936 803 2011 nonhabet,
832 1933 1188 2038 quoseccmmendst.
1236 1936 1416 2000 Nemeum
1441 1957 1469 1999 v
1495 1938 1669 2001 556-557
1694 1932 1764 2014 (νῦν
1787 1936 1848 2019 μὲν
1869 1934 1990 2046 γὰρδὴ

169 2017 234 2090 κᾶν
259 2033 345 2090 ταῖσι
371 2020 519 2129 primata·
526 2021 581 2089 καὶ
614 2030 680 2097 τοῖς
710 2015 940 2104 λαχάνοισιν“
922 2023 1042 2104 ομοίως
1071 2025 1293 2108 περιέρχονται
1325 2020 1405 2090 κατὰ
1429 2019 1485 2111 τὴν
1517 2018 1634 2108 ἀγορὰν
1661 2022 1717 2102 ξὺν
1743 2021 1909 2100 ὅπλοις”
1883 2044 1989 2114 ωσπερ

168 2111 385 2200 Κορύβαντες)
367 2115 461 2193 )illi
489 2115 550 2179 viri
572 2135 647 2178 cum
670 2114 831 2196 Corybant
818 2113 905 2177 tibus
931 2119 1170 2195 comparantur,
1201 2135 1265 2178 non
1294 2122 1331 2178 ut
1359 2115 1550 2179 furibundos
1574 2117 1750 2196 Lysistrate
1777 2139 1831 2182 eos
1857 2116 1987 2183 deridet.

166 2206 259 2270 Bene
292 2203 520 2270 Schneiderus:
564 2205 653 2268 »Hoc
687 2224 752 2266 non
786 2207 915 2286 propter
949 2203 1091 2284 aliquam
1124 2203 1240 2267 horum
1272 2205 1392 2284 μανίαν
1426 2204 1547 2270 factum
1582 2212 1646 2284 est,
1617 2207 1738 2270 tsed
1773 2207 1860 2289 quod
1897 2208 1988 2290 Cory·

166 2293 286 2359 bmtee
310 2316 438 2378 queque
461 2294 577 2359 armati
599 2293 833 2370 discurrebant,
867 2292 1020 2358 saltantes
1048 2291 1210 2374 quidem«
1259 2295 1349 2369 Quae
1371 2294 1515 2358 sumita
1537 2295 1616 2373 sint,
1645 2297 1790 2378 proxime
1813 2297 1854 2360 ad
1877 2318 1989 2362 verum

166 2384 321 2450 accedere
343 2384 438 2450 credo
460 2386 554 2450 haec:

759 2461 804 2559 ἣν
822 2441 995 2554 meropes
1017 2465 1190 2554 ττροίττσιον
1212 2467 1327 2555 μένξ
1314 2493 1353 2538 ον
1296 2465 1525 2548 ξὸπλοισιν

598 2557 806 2648 ἀγοράζοντας
827 2563 1160 2643 διοχιγνομένοας.

169 2654 226 2718 »Si
251 2655 459 2732 effecerimus,
484 2659 521 2718 ut
507 2653 693 2718 tdesinant
715 2672 790 2716 cum
812 2653 910 2716 armis
932 2651 1119 2734 perpetuo'
1109 2672 1145 2715 m
1168 2652 1236 2716 foro
1259 2653 1405 2716 versari«

331 2763 491 2845 Lysistr.
517 2760 604 2826 704:
638 2758 805 2824 Muliebris
828 2759 917 2822 chori
939 2757 1006 2823 dux
1029 2758 1161 2824 senibus
1184 2757 1312 2824 crimini
1335 2759 1399 2838 dat,
1424 2760 1511 2847 quod
1535 2761 1617 2826 nihil
1641 2761 1730 2826 aliud
1754 2763 1817 2827 nisi
1840 2784 1987 2846 perversa

164 2849 350 2916 decernant.
397 2850 521 2916 Deinde
544 2850 637 2915 dicit:

595 2932 687 3018 κούχὶ
709 2933 755 3024 μὴ
778 2932 942 3002 παύσεσθε
962 2931 1024 3001 τῶν
1045 2933 1263 3026 ψηφισμάτων
1284 2933 1412 3020 τοίνυν,
1436 2935 1516 3024 πρὶν
1539 2929 1579 3006 ἂν
1694 2953 1698 2962 ’

474 3047 548 3112 705.
593 3042 648 3110 τοῦ
670 3045 801 3120 σκέλους
822 3040 927 3130 λαβὼν
949 3037 1031 3126 ὖμᾶς
1052 3067 1098 3118 τις
1121 3043 1328 3133 ἐκτραχηλίσῃ
1350 3049 1467 3131 φέρον.

165 3157 304 3220 Versum
328 3156 404 3234 705,
435 3153 528 3219 cuius
555 3153 681 3217 numeri
703 3155 794 3236 pravi
820 3159 908 3230 sunt,
937 3151 1131 3217 mutandum
1160 3171 1230 3216 esse
1258 3173 1333 3216 cum
1363 3153 1488 3218 iamdiu
1516 3155 1673 3220 vidissent
1700 3156 1814 3234 critici,
1844 3157 1900 3222 alii
1929 3153 1984 3222 τοῦ

164 3240 338 3318 σκέλυος“
317 3241 401 3327 υμᾶς
423 3239 529 3328 λαβών
550 3265 606 3322 τις,
630 3244 685 3307 alii
700 3243 798 3326 idque
818 3243 934 3307 melius
950 3243 1000 3322 (ut
1022 3263 1063 3306 ex
1085 3243 1286 3324 antistropha
1306 3241 1452 3326 apparet)
1475 3241 1531 3308 τοῦ
1554 3243 1684 3318 σκέλους
1707 3241 1814 3329 luduin
1832 3267 1880 3319 τις
1900 3241 1985 3330 ὑμᾶς

162 3337 263 3402 scribi
291 3337 470 3400 voluerunt.
521 3335 593 3398 Non
628 3334 697 3398 sine
731 3353 828 3398 causa
860 3333 1010 3396 nonnulli
1043 3330 1250 3396 offendunt'
1242 3352 1275 3394 ιιι
1302 3333 1472 3416 participio
1503 3334 1590 3416 quod
1617 3341 1666 3399 est
1695 3338 1817 3421 φέρον,
1851 3337 1892 3401 de
1919 3358 1984 3419 quo

162 3428 312 3508 Engerus
339 3426 484 3491 adnotet:
524 3421 648 3489 »θέλων
670 3423 787 3487 Suidas
817 3444 846 3486 ν.
870 3421 1084 3526 ψηφηφορία,
1114 3421 1200 3485 unde
1228 3423 1332 3484 θένων
1364 3423 1430 3502 (vel
1454 3424 1562 3507 potius
1585 3419 1705 3506 θενών)
1731 3427 1912 3508 suspicatus
1935 3435 1984 3493 eet

160 3516 339 3595 Bentleiue,
364 3515 535 3580 manifesto
557 3515 604 3578 ita
626 3512 798 3596 legendum
821 3532 889 3576 esse
912 3511 1110 3578 existimavit
1124 3511 1299 3586 Personam
1324 3511 1422 3592 idque
1445 3513 1566 3595 recepit
1580 3513 1724 3578 Bothius.
1762 3514 1874 3597 Neque
1890 3517 1983 3581 nobis

162 3600 274 3670 θετιίν
300 3625 366 3670 non
395 3605 541 3669 arridet.
592 3604 661 3685 Ego
696 3597 803 3666 θενών
836 3602 887 3666 vel
915 3599 987 3664 ideo
1020 3600 1222 3682 improbans,
1256 3600 1333 3681 quia
1362 3603 1583 3686 participium,
1621 3623 1686 3685 quo
1713 3605 1913 3688 exprimatur
1934 3607 1982 3671 vis

163 3694 318 3772 iaciendi,
362 3715 428 3760 non
464 3691 600 3759 feriendi
637 3694 760 3774 (censet
796 3691 929 3756 fortasse
965 3691 1082 3755 mulier
1120 3689 1179 3754 illa
1216 3710 1308 3754 senes
1341 3690 1558 3758 deturbandos
1589 3711 1657 3758 esse
1688 3691 1727 3758 de
1759 3689 1893 3781 Pnycs),
1930 3716 1981 3761 ex·

167 3782 653 3866 spectamus,01imlegendum
675 3781 886 3846 conieceram:

635 3883 1016 3976 assonationes
1037 3880 1121 3970 υμᾶς
1144 3884 1367 3973 ἐκτραχηλίσαι
1388 3881 1517 3969 ’,θέλων

163 3999 255 4084 quod
276 4001 359 4064 mihi
381 3999 485 4082 magis
508 3997 606 4062 etiam
629 3998 789 4080 placebat,
818 4017 892 4060 cum
915 4016 955 4059 ex
977 3995 1136 4076 Buengeri
1157 3994 1266 4058 libello
1290 3995 1422 4058 alteram
1446 3997 1594 4062 codicum
1617 3995 1833 4063 Suidanorum
1856 4005 1981 4082 partem

162 4090 315 4172 praebere
345 4087 552 4176 ἐκτραχηλίσῃ
574 4086 695 4166 θέλων,
723 4087 855 4150 alteram
879 4091 987 4148 autem
1011 4083 1234 4189 έκτραχηλίσαι
1256 4082 1361 4148 θέλων
1383 4084 1577 4152 didicissem.
1624 4087 1719 4152 Nunc
1741 4095 1863 4167 autem,
1893 4109 1979 4172 prae·

163 4180 274 4245 sertim
302 4199 378 4244 cum
406 4179 517 4242 nullus
544 4177 661 4241 Suidae
688 4176 788 4241 codex
821 4175 973 4239 exhibeat
1005 4169 1103 4262 λίβη,
1134 4174 1227 4238 aliter
1253 4173 1370 4238 iudico
1422 4174 1502 4239 Cum
1531 4175 1613 4241 Plut.
1640 4175 1683 4242 70
1712 4183 1744 4242 et
1772 4178 1978 4258 Nub.1501,

165 4270 282 4350 quibus
304 4270 383 4334 locis
405 4267 492 4332 idem
508 4267 642 4330 verbum
665 4264 875 4353 ἐκτραχηλίζον
897 4265 1069 4342 habemus,
1094 4263 1259 4345 passivum
1282 4283 1356 4327 cum
1379 4259 1486 4328 ποσίν
1509 4265 1678 4350 participio
1701 4267 1942 4333 coniunctum
1933 4289 1978 4334 ur·

165 4359 318 4436 veniatur,
342 4360 404 4424 hoc
426 4359 494 4422 loco
517 4355 737 4438 reponendum
760 4376 828 4419 esse
850 4350 958 4439 βαλών
980 4315 1165 4418 concludas:

632 4459 687 4528 τοῦ
711 4461 840 4535 σκέλους
862 4456 968 4546 λαβών
989 4481 1035 4534 τις
1056 4453 1140 4542 ὑμᾶς
1162 4455 1369 4548 ἐκτραχηλίσῃ
1391 4455 1529 4544 sarde.

164 4573 251 4637 ‚Nec
282 4592 426 4655 unquam
452 4571 587 4637 huiusce
616 4571 704 4636 modi
735 4570 861 4640 decreta
889 4569 993 4632 faeere
1023 4566 1188 4646 desinetis,
1220 4569 1409 4650 priusquam
1437 4589 1493 4635 vos
1519 4568 1637 4652 aliquis
1664 4590 1754 4636 crure
1777 4577 1919 4656 arreptos
1942 4572 1976 4637 in

158 4681 313 4746 praeceps
335 4662 514 4727 deiecerit«

321 4771 483 4853 Lysistr.
514 4767 733 4834 720-725:
769 4767 959 4848 Lysistrata,
995 4783 1088 4844 aegre
1120 4764 1227 4828 ferens
1254 4764 1424 4830 libidinem
1453 4773 1485 4831 et
1512 4767 1763 4834 inconstantiam
1791 4767 1974 4846 mulierum,

163 4878 245 4940 quse
266 4860 332 4923 iam
355 4859 397 4924 ad
420 4859 504 4923 viros
526 4860 609 4923 clam
632 4858 735 4922 redire
757 4861 919 4930 conentur,
944 4853 1038 4917 dicit:

571 4965 646 5030 720
691 4983 748 5048 την
770 4965 904 5066 μένγε
910 4955 1039 5064 ιτριίτην
1063 4957 1321 5040 διαλέγουσαν
1290 4983 1347 5048 την
1369 4955 1454 5049 ὀπὴν

691 5052 863 5159 motator·
884 5029 905 5137 ᾖ
927 5045 983 5115 τοῦ
1006 5044 1115 5122 Πανός
1138 5047 1203 5115 ἔστι
1224 5045 1366 5130 ταύλίον,

691 5164 748 5230 την
769 5143 791 5208 d
790 5139 835 5207 ’λιι
856 5139 1016 5226 τροχιλίας
1039 5125 1080 5205 αὖ
1102 5140 1414 5230 κατειλυσπωμένην,
